{
    "symbol": "PAYC",
    "annualReports": [
        {
            "fiscalDateEnding": "2022-12-31",
            "reportedCurrency": "USD",
            "grossProfit": "1161650000",
            "totalRevenue": "1374391000",
            "costOfRevenue": "212741000",
            "costofGoodsAndServicesSold": "212741000",
            "operatingIncome": "378679000",
            "sellingGeneralAndAdministrative": "783798000",
            "researchAndDevelopment": "148343000",
            "operatingExpenses": "981755000",
            "investmentIncomeNet": "None",
            "netInterestIncome": "-2536000",
            "interestIncome": "None",
            "interestExpense": "2536000",
            "nonInterestIncome": "1376927000",
            "otherNonOperatingIncome": "13435000",
            "depreciation": "None",
            "depreciationAndAmortization": "49764000",
            "incomeBeforeTax": "389578000",
            "incomeTaxExpense": "108189000",
            "interestAndDebtExpense": "3400000",
            "netIncomeFromContinuingOperations": "281389000",
            "comprehensiveIncomeNetOfTax": "277686000",
            "ebit": "392114000",
            "ebitda": "441878000",
            "netIncome": "281389000"
        },
        {
            "fiscalDateEnding": "2021-12-31",
            "reportedCurrency": "USD",
            "grossProfit": "892718000",
            "totalRevenue": "1054604000",
            "costOfRevenue": "161886000",
            "costofGoodsAndServicesSold": "161886000",
            "operatingIncome": "253567000",
            "sellingGeneralAndAdministrative": "640071000",
            "researchAndDevelopment": "118426000",
            "operatingExpenses": "794454000",
            "investmentIncomeNet": "None",
            "netInterestIncome": "-1436000",
            "interestIncome": "None",
            "interestExpense": "1436000",
            "nonInterestIncome": "1056040000",
            "otherNonOperatingIncome": "2395000",
            "depreciation": "None",
            "depreciationAndAmortization": "35811000",
            "incomeBeforeTax": "255962000",
            "incomeTaxExpense": "60002000",
            "interestAndDebtExpense": "1400000",
            "netIncomeFromContinuingOperations": "195960000",
            "comprehensiveIncomeNetOfTax": "195960000",
            "ebit": "253567000",
            "ebitda": "293209000",
            "netIncome": "195960000"
        },
        {
            "fiscalDateEnding": "2020-12-31",
            "reportedCurrency": "USD",
            "grossProfit": "715876000",
            "totalRevenue": "839422000",
            "costOfRevenue": "123546000",
            "costofGoodsAndServicesSold": "123546000",
            "operatingIncome": "186123000",
            "sellingGeneralAndAdministrative": "531765000",
            "researchAndDevelopment": "90244000",
            "operatingExpenses": "649614000",
            "investmentIncomeNet": "None",
            "netInterestIncome": "-19000",
            "interestIncome": "None",
            "interestExpense": "19000",
            "nonInterestIncome": "839441000",
            "otherNonOperatingIncome": "-168000",
            "depreciation": "None",
            "depreciationAndAmortization": "27605000",
            "incomeBeforeTax": "185936000",
            "incomeTaxExpense": "42483000",
            "interestAndDebtExpense": "1500000",
            "netIncomeFromContinuingOperations": "143453000",
            "comprehensiveIncomeNetOfTax": "143453000",
            "ebit": "185955000",
            "ebitda": "213560000",
            "netIncome": "143453000"
        },
        {
            "fiscalDateEnding": "2019-12-31",
            "reportedCurrency": "USD",
            "grossProfit": "625528000",
            "totalRevenue": "735275000",
            "costOfRevenue": "109747000",
            "costofGoodsAndServicesSold": "118047000",
            "operatingIncome": "226224000",
            "sellingGeneralAndAdministrative": "401700000",
            "researchAndDevelopment": "73080000",
            "operatingExpenses": "496580000",
            "investmentIncomeNet": "None",
            "netInterestIncome": "-940000",
            "interestIncome": "460000",
            "interestExpense": "940000",
            "nonInterestIncome": "736215000",
            "otherNonOperatingIncome": "803000",
            "depreciation": "None",
            "depreciationAndAmortization": "21800000",
            "incomeBeforeTax": "226087000",
            "incomeTaxExpense": "45511000",
            "interestAndDebtExpense": "1600000",
            "netIncomeFromContinuingOperations": "180576000",
            "comprehensiveIncomeNetOfTax": "180576000",
            "ebit": "227027000",
            "ebitda": "248827000",
            "netIncome": "180576000"
        },
        {
            "fiscalDateEnding": "2018-12-31",
            "reportedCurrency": "USD",
            "grossProfit": "475573000",
            "totalRevenue": "566336000",
            "costOfRevenue": "90763000",
            "costofGoodsAndServicesSold": "97263000",
            "operatingIncome": "173715000",
            "sellingGeneralAndAdministrative": "301858000",
            "researchAndDevelopment": "46247000",
            "operatingExpenses": "363230000",
            "investmentIncomeNet": "None",
            "netInterestIncome": "-766000",
            "interestIncome": "34000",
            "interestExpense": "766000",
            "nonInterestIncome": "566815000",
            "otherNonOperatingIncome": "1762000",
            "depreciation": "None",
            "depreciationAndAmortization": "15125000",
            "incomeBeforeTax": "174711000",
            "incomeTaxExpense": "37646000",
            "interestAndDebtExpense": "1600000",
            "netIncomeFromContinuingOperations": "137065000",
            "comprehensiveIncomeNetOfTax": "137065000",
            "ebit": "175477000",
            "ebitda": "190602000",
            "netIncome": "137065000"
        }
    ],
    "quarterlyReports": [
        {
            "fiscalDateEnding": "2022-12-31",
            "reportedCurrency": "USD",
            "grossProfit": "310738000",
            "totalRevenue": "369809000",
            "costOfRevenue": "59071000",
            "costofGoodsAndServicesSold": "59071000",
            "operatingIncome": "105834000",
            "sellingGeneralAndAdministrative": "205703000",
            "researchAndDevelopment": "39569000",
            "operatingExpenses": "258508000",
            "investmentIncomeNet": "None",
            "netInterestIncome": "-949000",
            "interestIncome": "None",
            "interestExpense": "949000",
            "nonInterestIncome": "370758000",
            "otherNonOperatingIncome": "9104000",
            "depreciation": "None",
            "depreciationAndAmortization": "13386000",
            "incomeBeforeTax": "113989000",
            "incomeTaxExpense": "34038000",
            "interestAndDebtExpense": "1300000",
            "netIncomeFromContinuingOperations": "79951000",
            "comprehensiveIncomeNetOfTax": "80061000",
            "ebit": "114938000",
            "ebitda": "128324000",
            "netIncome": "79951000"
        },
        {
            "fiscalDateEnding": "2022-09-30",
            "reportedCurrency": "USD",
            "grossProfit": "278045000",
            "totalRevenue": "333149000",
            "costOfRevenue": "55104000",
            "costofGoodsAndServicesSold": "55104000",
            "operatingIncome": "74265000",
            "sellingGeneralAndAdministrative": "204798000",
            "researchAndDevelopment": "40366000",
            "operatingExpenses": "257789000",
            "investmentIncomeNet": "None",
            "netInterestIncome": "-1018000",
            "interestIncome": "None",
            "interestExpense": "1018000",
            "nonInterestIncome": "334167000",
            "otherNonOperatingIncome": "2041000",
            "depreciation": "None",
            "depreciationAndAmortization": "12625000",
            "incomeBeforeTax": "75288000",
            "incomeTaxExpense": "23135000",
            "interestAndDebtExpense": "1200000",
            "netIncomeFromContinuingOperations": "52153000",
            "comprehensiveIncomeNetOfTax": "49940000",
            "ebit": "76306000",
            "ebitda": "88931000",
            "netIncome": "52153000"
        },
        {
            "fiscalDateEnding": "2022-06-30",
            "reportedCurrency": "USD",
            "grossProfit": "266488000",
            "totalRevenue": "316570000",
            "costOfRevenue": "50082000",
            "costofGoodsAndServicesSold": "50082000",
            "operatingIncome": "72313000",
            "sellingGeneralAndAdministrative": "194529000",
            "researchAndDevelopment": "36803000",
            "operatingExpenses": "243422000",
            "investmentIncomeNet": "None",
            "netInterestIncome": "-354000",
            "interestIncome": "None",
            "interestExpense": "354000",
            "nonInterestIncome": "316924000",
            "otherNonOperatingIncome": "878000",
            "depreciation": "None",
            "depreciationAndAmortization": "12090000",
            "incomeBeforeTax": "72837000",
            "incomeTaxExpense": "15482000",
            "interestAndDebtExpense": "600000",
            "netIncomeFromContinuingOperations": "57355000",
            "comprehensiveIncomeNetOfTax": "56874000",
            "ebit": "73191000",
            "ebitda": "85281000",
            "netIncome": "57355000"
        },
        {
            "fiscalDateEnding": "2022-03-31",
            "reportedCurrency": "USD",
            "grossProfit": "305909000",
            "totalRevenue": "354393000",
            "costOfRevenue": "48484000",
            "costofGoodsAndServicesSold": "48484000",
            "operatingIncome": "126267000",
            "sellingGeneralAndAdministrative": "178768000",
            "researchAndDevelopment": "31605000",
            "operatingExpenses": "222036000",
            "investmentIncomeNet": "None",
            "netInterestIncome": "-215000",
            "interestIncome": "None",
            "interestExpense": "215000",
            "nonInterestIncome": "354608000",
            "otherNonOperatingIncome": "1412000",
            "depreciation": "None",
            "depreciationAndAmortization": "11663000",
            "incomeBeforeTax": "127464000",
            "incomeTaxExpense": "35534000",
            "interestAndDebtExpense": "300000",
            "netIncomeFromContinuingOperations": "91930000",
            "comprehensiveIncomeNetOfTax": "90811000",
            "ebit": "127679000",
            "ebitda": "139342000",
            "netIncome": "91930000"
        },
        {
            "fiscalDateEnding": "2021-12-31",
            "reportedCurrency": "USD",
            "grossProfit": "238511000",
            "totalRevenue": "285034000",
            "costOfRevenue": "46523000",
            "costofGoodsAndServicesSold": "46523000",
            "operatingIncome": "68626000",
            "sellingGeneralAndAdministrative": "169837000",
            "researchAndDevelopment": "34414000",
            "operatingExpenses": "214559000",
            "investmentIncomeNet": "None",
            "netInterestIncome": "-309000",
            "interestIncome": "None",
            "interestExpense": "309000",
            "nonInterestIncome": "285343000",
            "otherNonOperatingIncome": "1376000",
            "depreciation": "None",
            "depreciationAndAmortization": "10308000",
            "incomeBeforeTax": "70002000",
            "incomeTaxExpense": "21315000",
            "interestAndDebtExpense": "300000",
            "netIncomeFromContinuingOperations": "48687000",
            "comprehensiveIncomeNetOfTax": "48687000",
            "ebit": "68626000",
            "ebitda": "80619000",
            "netIncome": "48687000"
        },
        {
            "fiscalDateEnding": "2021-09-30",
            "reportedCurrency": "USD",
            "grossProfit": "213114000",
            "totalRevenue": "255794000",
            "costOfRevenue": "42680000",
            "costofGoodsAndServicesSold": "42680000",
            "operatingIncome": "43305000",
            "sellingGeneralAndAdministrative": "170209000",
            "researchAndDevelopment": "31077000",
            "operatingExpenses": "210693000",
            "investmentIncomeNet": "None",
            "netInterestIncome": "-400000",
            "interestIncome": "None",
            "interestExpense": "400000",
            "nonInterestIncome": "256194000",
            "otherNonOperatingIncome": "244000",
            "depreciation": "None",
            "depreciationAndAmortization": "9407000",
            "incomeBeforeTax": "43549000",
            "incomeTaxExpense": "13170000",
            "interestAndDebtExpense": "400000",
            "netIncomeFromContinuingOperations": "30379000",
            "comprehensiveIncomeNetOfTax": "30379000",
            "ebit": "43305000",
            "ebitda": "53356000",
            "netIncome": "30379000"
        },
        {
            "fiscalDateEnding": "2021-06-30",
            "reportedCurrency": "USD",
            "grossProfit": "205436000",
            "totalRevenue": "241846000",
            "costOfRevenue": "36410000",
            "costofGoodsAndServicesSold": "36410000",
            "operatingIncome": "47090000",
            "sellingGeneralAndAdministrative": "158646000",
            "researchAndDevelopment": "28224000",
            "operatingExpenses": "195250000",
            "investmentIncomeNet": "None",
            "netInterestIncome": "-300000",
            "interestIncome": "None",
            "interestExpense": "300000",
            "nonInterestIncome": "242146000",
            "otherNonOperatingIncome": "146000",
            "depreciation": "None",
            "depreciationAndAmortization": "8380000",
            "incomeBeforeTax": "47236000",
            "incomeTaxExpense": "-5042000",
            "interestAndDebtExpense": "300000",
            "netIncomeFromContinuingOperations": "52278000",
            "comprehensiveIncomeNetOfTax": "52278000",
            "ebit": "47090000",
            "ebitda": "55916000",
            "netIncome": "52278000"
        },
        {
            "fiscalDateEnding": "2021-03-31",
            "reportedCurrency": "USD",
            "grossProfit": "235808000",
            "totalRevenue": "272081000",
            "costOfRevenue": "36273000",
            "costofGoodsAndServicesSold": "36273000",
            "operatingIncome": "94546000",
            "sellingGeneralAndAdministrative": "141379000",
            "researchAndDevelopment": "24711000",
            "operatingExpenses": "173938000",
            "investmentIncomeNet": "None",
            "netInterestIncome": "-409000",
            "interestIncome": "None",
            "interestExpense": "409000",
            "nonInterestIncome": "272490000",
            "otherNonOperatingIncome": "629000",
            "depreciation": "None",
            "depreciationAndAmortization": "7716000",
            "incomeBeforeTax": "95175000",
            "incomeTaxExpense": "30559000",
            "interestAndDebtExpense": "400000",
            "netIncomeFromContinuingOperations": "64616000",
            "comprehensiveIncomeNetOfTax": "64616000",
            "ebit": "94546000",
            "ebitda": "103300000",
            "netIncome": "64616000"
        },
        {
            "fiscalDateEnding": "2020-12-31",
            "reportedCurrency": "USD",
            "grossProfit": "220947000",
            "totalRevenue": "220947000",
            "costOfRevenue": "33030000",
            "costofGoodsAndServicesSold": "33030000",
            "operatingIncome": "36247000",
            "sellingGeneralAndAdministrative": "151670000",
            "researchAndDevelopment": "25073000",
            "operatingExpenses": "184139000",
            "investmentIncomeNet": "None",
            "netInterestIncome": "0",
            "interestIncome": "None",
            "interestExpense": "0",
            "nonInterestIncome": "220947000",
            "otherNonOperatingIncome": "354000",
            "depreciation": "None",
            "depreciationAndAmortization": "7396000",
            "incomeBeforeTax": "36601000",
            "incomeTaxExpense": "12234000",
            "interestAndDebtExpense": "400000",
            "netIncomeFromContinuingOperations": "36247000",
            "comprehensiveIncomeNetOfTax": "24367000",
            "ebit": "36601000",
            "ebitda": "43997000",
            "netIncome": "24367000"
        },
        {
            "fiscalDateEnding": "2020-09-30",
            "reportedCurrency": "USD",
            "grossProfit": "165220000",
            "totalRevenue": "196132000",
            "costOfRevenue": "30912000",
            "costofGoodsAndServicesSold": "30912000",
            "operatingIncome": "34036000",
            "sellingGeneralAndAdministrative": "131584000",
            "researchAndDevelopment": "21772000",
            "operatingExpenses": "160506000",
            "investmentIncomeNet": "None",
            "netInterestIncome": "-400000",
            "interestIncome": "-400000",
            "interestExpense": "0",
            "nonInterestIncome": "196532000",
            "otherNonOperatingIncome": "246000",
            "depreciation": "None",
            "depreciationAndAmortization": "7150000",
            "incomeBeforeTax": "34282000",
            "incomeTaxExpense": "6800000",
            "interestAndDebtExpense": "400000",
            "netIncomeFromContinuingOperations": "27482000",
            "comprehensiveIncomeNetOfTax": "27482000",
            "ebit": "34282000",
            "ebitda": "41432000",
            "netIncome": "27482000"
        },
        {
            "fiscalDateEnding": "2020-06-30",
            "reportedCurrency": "USD",
            "grossProfit": "152026000",
            "totalRevenue": "181584000",
            "costOfRevenue": "29558000",
            "costofGoodsAndServicesSold": "29558000",
            "operatingIncome": "26576000",
            "sellingGeneralAndAdministrative": "125453000",
            "researchAndDevelopment": "21778000",
            "operatingExpenses": "154005000",
            "investmentIncomeNet": "None",
            "netInterestIncome": "-3000",
            "interestIncome": "None",
            "interestExpense": "3000",
            "nonInterestIncome": "181587000",
            "otherNonOperatingIncome": "162000",
            "depreciation": "None",
            "depreciationAndAmortization": "6774000",
            "incomeBeforeTax": "26735000",
            "incomeTaxExpense": "-1854000",
            "interestAndDebtExpense": "400000",
            "netIncomeFromContinuingOperations": "28589000",
            "comprehensiveIncomeNetOfTax": "28589000",
            "ebit": "26738000",
            "ebitda": "33512000",
            "netIncome": "28589000"
        },
        {
            "fiscalDateEnding": "2020-03-31",
            "reportedCurrency": "USD",
            "grossProfit": "212306000",
            "totalRevenue": "242352000",
            "costOfRevenue": "30046000",
            "costofGoodsAndServicesSold": "30046000",
            "operatingIncome": "89264000",
            "sellingGeneralAndAdministrative": "123058000",
            "researchAndDevelopment": "21621000",
            "operatingExpenses": "150964000",
            "investmentIncomeNet": "None",
            "netInterestIncome": "-16000",
            "interestIncome": "1584000",
            "interestExpense": "16000",
            "nonInterestIncome": "242368000",
            "otherNonOperatingIncome": "-930000",
            "depreciation": "None",
            "depreciationAndAmortization": "6285000",
            "incomeBeforeTax": "88318000",
            "incomeTaxExpense": "25303000",
            "interestAndDebtExpense": "400000",
            "netIncomeFromContinuingOperations": "63015000",
            "comprehensiveIncomeNetOfTax": "63015000",
            "ebit": "88334000",
            "ebitda": "94619000",
            "netIncome": "63015000"
        },
        {
            "fiscalDateEnding": "2019-12-31",
            "reportedCurrency": "USD",
            "grossProfit": "193409000",
            "totalRevenue": "193409000",
            "costOfRevenue": "28798000",
            "costofGoodsAndServicesSold": "37098000",
            "operatingIncome": "60294000",
            "sellingGeneralAndAdministrative": "104317000",
            "researchAndDevelopment": "18211000",
            "operatingExpenses": "128480000",
            "investmentIncomeNet": "None",
            "netInterestIncome": "-146000",
            "interestIncome": "3054000",
            "interestExpense": "146000",
            "nonInterestIncome": "193409000",
            "otherNonOperatingIncome": "971000",
            "depreciation": "None",
            "depreciationAndAmortization": "5952000",
            "incomeBeforeTax": "61119000",
            "incomeTaxExpense": "15739000",
            "interestAndDebtExpense": "500000",
            "netIncomeFromContinuingOperations": "60294000",
            "comprehensiveIncomeNetOfTax": "60294000",
            "ebit": "61265000",
            "ebitda": "67217000",
            "netIncome": "45380000"
        },
        {
            "fiscalDateEnding": "2019-09-30",
            "reportedCurrency": "USD",
            "grossProfit": "148354000",
            "totalRevenue": "174746000",
            "costOfRevenue": "26392000",
            "costofGoodsAndServicesSold": "26392000",
            "operatingIncome": "50556000",
            "sellingGeneralAndAdministrative": "98058000",
            "researchAndDevelopment": "19605000",
            "operatingExpenses": "123328000",
            "investmentIncomeNet": "None",
            "netInterestIncome": "-260000",
            "interestIncome": "660000",
            "interestExpense": "260000",
            "nonInterestIncome": "175006000",
            "otherNonOperatingIncome": "195000",
            "depreciation": "None",
            "depreciationAndAmortization": "5665000",
            "incomeBeforeTax": "50491000",
            "incomeTaxExpense": "11339000",
            "interestAndDebtExpense": "300000",
            "netIncomeFromContinuingOperations": "39152000",
            "comprehensiveIncomeNetOfTax": "39152000",
            "ebit": "50751000",
            "ebitda": "56416000",
            "netIncome": "39152000"
        },
        {
            "fiscalDateEnding": "2019-06-30",
            "reportedCurrency": "USD",
            "grossProfit": "143816000",
            "totalRevenue": "169055000",
            "costOfRevenue": "25239000",
            "costofGoodsAndServicesSold": "25239000",
            "operatingIncome": "52886000",
            "sellingGeneralAndAdministrative": "91188000",
            "researchAndDevelopment": "16775000",
            "operatingExpenses": "113341000",
            "investmentIncomeNet": "None",
            "netInterestIncome": "-258000",
            "interestIncome": "1934000",
            "interestExpense": "258000",
            "nonInterestIncome": "169313000",
            "otherNonOperatingIncome": "-263000",
            "depreciation": "None",
            "depreciationAndAmortization": "5378000",
            "incomeBeforeTax": "52365000",
            "incomeTaxExpense": "3603000",
            "interestAndDebtExpense": "258000",
            "netIncomeFromContinuingOperations": "48762000",
            "comprehensiveIncomeNetOfTax": "48762000",
            "ebit": "52623000",
            "ebitda": "58001000",
            "netIncome": "48762000"
        },
        {
            "fiscalDateEnding": "2019-03-31",
            "reportedCurrency": "USD",
            "grossProfit": "169809000",
            "totalRevenue": "199127000",
            "costOfRevenue": "29318000",
            "costofGoodsAndServicesSold": "29318000",
            "operatingIncome": "62488000",
            "sellingGeneralAndAdministrative": "108137000",
            "researchAndDevelopment": "18489000",
            "operatingExpenses": "131431000",
            "investmentIncomeNet": "None",
            "netInterestIncome": "-276000",
            "interestIncome": "776000",
            "interestExpense": "276000",
            "nonInterestIncome": "199403000",
            "otherNonOperatingIncome": "-100000",
            "depreciation": "None",
            "depreciationAndAmortization": "4805000",
            "incomeBeforeTax": "62112000",
            "incomeTaxExpense": "14830000",
            "interestAndDebtExpense": "276000",
            "netIncomeFromContinuingOperations": "47282000",
            "comprehensiveIncomeNetOfTax": "47282000",
            "ebit": "62388000",
            "ebitda": "67193000",
            "netIncome": "47282000"
        },
        {
            "fiscalDateEnding": "2018-12-31",
            "reportedCurrency": "USD",
            "grossProfit": "126230000",
            "totalRevenue": "150332000",
            "costOfRevenue": "24102000",
            "costofGoodsAndServicesSold": "30602000",
            "operatingIncome": "43413000",
            "sellingGeneralAndAdministrative": "82817000",
            "researchAndDevelopment": "12740000",
            "operatingExpenses": "100030000",
            "investmentIncomeNet": "None",
            "netInterestIncome": "-348000",
            "interestIncome": "None",
            "interestExpense": "348000",
            "nonInterestIncome": "150332000",
            "otherNonOperatingIncome": "-366000",
            "depreciation": "None",
            "depreciationAndAmortization": "4473000",
            "incomeBeforeTax": "42699000",
            "incomeTaxExpense": "11285000",
            "interestAndDebtExpense": "1182000",
            "netIncomeFromContinuingOperations": "43413000",
            "comprehensiveIncomeNetOfTax": "43413000",
            "ebit": "43047000",
            "ebitda": "47520000",
            "netIncome": "31414000"
        },
        {
            "fiscalDateEnding": "2018-09-30",
            "reportedCurrency": "USD",
            "grossProfit": "111163000",
            "totalRevenue": "133288000",
            "costOfRevenue": "22125000",
            "costofGoodsAndServicesSold": "22125000",
            "operatingIncome": "36245000",
            "sellingGeneralAndAdministrative": "74918000",
            "researchAndDevelopment": "11526000",
            "operatingExpenses": "90605000",
            "investmentIncomeNet": "None",
            "netInterestIncome": "-384000",
            "interestIncome": "None",
            "interestExpense": "384000",
            "nonInterestIncome": "133288000",
            "otherNonOperatingIncome": "583000",
            "depreciation": "None",
            "depreciationAndAmortization": "4161000",
            "incomeBeforeTax": "36444000",
            "incomeTaxExpense": "7675000",
            "interestAndDebtExpense": "384000",
            "netIncomeFromContinuingOperations": "28769000",
            "comprehensiveIncomeNetOfTax": "28769000",
            "ebit": "36828000",
            "ebitda": "40989000",
            "netIncome": "28769000"
        },
        {
            "fiscalDateEnding": "2018-06-30",
            "reportedCurrency": "USD",
            "grossProfit": "107869000",
            "totalRevenue": "128800000",
            "costOfRevenue": "20931000",
            "costofGoodsAndServicesSold": "20931000",
            "operatingIncome": "43037000",
            "sellingGeneralAndAdministrative": "64832000",
            "researchAndDevelopment": "10731000",
            "operatingExpenses": "79022000",
            "investmentIncomeNet": "None",
            "netInterestIncome": "-34000",
            "interestIncome": "None",
            "interestExpense": "34000",
            "nonInterestIncome": "128800000",
            "otherNonOperatingIncome": "515000",
            "depreciation": "None",
            "depreciationAndAmortization": "3459000",
            "incomeBeforeTax": "43518000",
            "incomeTaxExpense": "7796000",
            "interestAndDebtExpense": "34000",
            "netIncomeFromContinuingOperations": "35722000",
            "comprehensiveIncomeNetOfTax": "35722000",
            "ebit": "43552000",
            "ebitda": "47011000",
            "netIncome": "35722000"
        },
        {
            "fiscalDateEnding": "2018-03-31",
            "reportedCurrency": "USD",
            "grossProfit": "130311000",
            "totalRevenue": "153916000",
            "costOfRevenue": "23605000",
            "costofGoodsAndServicesSold": "23605000",
            "operatingIncome": "51020000",
            "sellingGeneralAndAdministrative": "79291000",
            "researchAndDevelopment": "11250000",
            "operatingExpenses": "93573000",
            "investmentIncomeNet": "None",
            "netInterestIncome": "-406000",
            "interestIncome": "-406000",
            "interestExpense": "0",
            "nonInterestIncome": "154654000",
            "otherNonOperatingIncome": "1030000",
            "depreciation": "None",
            "depreciationAndAmortization": "3032000",
            "incomeBeforeTax": "52050000",
            "incomeTaxExpense": "10890000",
            "interestAndDebtExpense": "406000",
            "netIncomeFromContinuingOperations": "41160000",
            "comprehensiveIncomeNetOfTax": "41160000",
            "ebit": "52050000",
            "ebitda": "55082000",
            "netIncome": "41160000"
        }
    ]
}