{
    "symbol": "SRE",
    "annualReports": [
        {
            "fiscalDateEnding": "2022-12-31",
            "reportedCurrency": "USD",
            "grossProfit": "11583000000",
            "totalRevenue": "14439000000",
            "costOfRevenue": "2856000000",
            "costofGoodsAndServicesSold": "5470000000",
            "operatingIncome": "3599000000",
            "sellingGeneralAndAdministrative": "696000000",
            "researchAndDevelopment": "None",
            "operatingExpenses": "7976000000",
            "investmentIncomeNet": "75000000",
            "netInterestIncome": "-1054000000",
            "interestIncome": "1034000000",
            "interestExpense": "1054000000",
            "nonInterestIncome": "13698000000",
            "otherNonOperatingIncome": "24000000",
            "depreciation": "1995000000",
            "depreciationAndAmortization": "2019000000",
            "incomeBeforeTax": "2695000000",
            "incomeTaxExpense": "556000000",
            "interestAndDebtExpense": "1054000000",
            "netIncomeFromContinuingOperations": "2139000000",
            "comprehensiveIncomeNetOfTax": "2367000000",
            "ebit": "3749000000",
            "ebitda": "5768000000",
            "netIncome": "2139000000"
        },
        {
            "fiscalDateEnding": "2021-12-31",
            "reportedCurrency": "USD",
            "grossProfit": "10215000000",
            "totalRevenue": "12857000000",
            "costOfRevenue": "2642000000",
            "costofGoodsAndServicesSold": "7556000000",
            "operatingIncome": "1633000000",
            "sellingGeneralAndAdministrative": "654000000",
            "researchAndDevelopment": "None",
            "operatingExpenses": "8560000000",
            "investmentIncomeNet": "69000000",
            "netInterestIncome": "-1198000000",
            "interestIncome": "1125000000",
            "interestExpense": "1198000000",
            "nonInterestIncome": "11658000000",
            "otherNonOperatingIncome": "58000000",
            "depreciation": "1833000000",
            "depreciationAndAmortization": "1855000000",
            "incomeBeforeTax": "1417000000",
            "incomeTaxExpense": "99000000",
            "interestAndDebtExpense": "1198000000",
            "netIncomeFromContinuingOperations": "1318000000",
            "comprehensiveIncomeNetOfTax": "1489000000",
            "ebit": "2615000000",
            "ebitda": "4470000000",
            "netIncome": "1318000000"
        },
        {
            "fiscalDateEnding": "2020-12-31",
            "reportedCurrency": "USD",
            "grossProfit": "8975000000",
            "totalRevenue": "11370000000",
            "costOfRevenue": "2395000000",
            "costofGoodsAndServicesSold": "6328000000",
            "operatingIncome": "2203000000",
            "sellingGeneralAndAdministrative": "605000000",
            "researchAndDevelopment": "None",
            "operatingExpenses": "6772000000",
            "investmentIncomeNet": "96000000",
            "netInterestIncome": "-1081000000",
            "interestIncome": "110000000",
            "interestExpense": "1081000000",
            "nonInterestIncome": "10285000000",
            "otherNonOperatingIncome": "-48000000",
            "depreciation": "1646000000",
            "depreciationAndAmortization": "1666000000",
            "incomeBeforeTax": "4013000000",
            "incomeTaxExpense": "249000000",
            "interestAndDebtExpense": "1081000000",
            "netIncomeFromContinuingOperations": "2255000000",
            "comprehensiveIncomeNetOfTax": "4355000000",
            "ebit": "5094000000",
            "ebitda": "6760000000",
            "netIncome": "3764000000"
        },
        {
            "fiscalDateEnding": "2019-12-31",
            "reportedCurrency": "USD",
            "grossProfit": "8575000000",
            "totalRevenue": "10829000000",
            "costOfRevenue": "2254000000",
            "costofGoodsAndServicesSold": "6137000000",
            "operatingIncome": "2918000000",
            "sellingGeneralAndAdministrative": "562000000",
            "researchAndDevelopment": "None",
            "operatingExpenses": "5657000000",
            "investmentIncomeNet": "87000000",
            "netInterestIncome": "-1077000000",
            "interestIncome": "101000000",
            "interestExpense": "1077000000",
            "nonInterestIncome": "10162000000",
            "otherNonOperatingIncome": "77000000",
            "depreciation": "1551000000",
            "depreciationAndAmortization": "1569000000",
            "incomeBeforeTax": "2370000000",
            "incomeTaxExpense": "315000000",
            "interestAndDebtExpense": "1077000000",
            "netIncomeFromContinuingOperations": "1999000000",
            "comprehensiveIncomeNetOfTax": "2058000000",
            "ebit": "3447000000",
            "ebitda": "5016000000",
            "netIncome": "2055000000"
        },
        {
            "fiscalDateEnding": "2018-12-31",
            "reportedCurrency": "USD",
            "grossProfit": "9346000000",
            "totalRevenue": "10102000000",
            "costOfRevenue": "2341000000",
            "costofGoodsAndServicesSold": "7273000000",
            "operatingIncome": "4220000000",
            "sellingGeneralAndAdministrative": "671000000",
            "researchAndDevelopment": "None",
            "operatingExpenses": "5126000000",
            "investmentIncomeNet": "104000000",
            "netInterestIncome": "-925000000",
            "interestIncome": "-39000000",
            "interestExpense": "886000000",
            "nonInterestIncome": "11546000000",
            "otherNonOperatingIncome": "58000000",
            "depreciation": "1470000000",
            "depreciationAndAmortization": "1491000000",
            "incomeBeforeTax": "875000000",
            "incomeTaxExpense": "-49000000",
            "interestAndDebtExpense": "925000000",
            "netIncomeFromContinuingOperations": "938000000",
            "comprehensiveIncomeNetOfTax": "917000000",
            "ebit": "1761000000",
            "ebitda": "3252000000",
            "netIncome": "924000000"
        }
    ],
    "quarterlyReports": [
        {
            "fiscalDateEnding": "2022-12-31",
            "reportedCurrency": "USD",
            "grossProfit": "2573000000",
            "totalRevenue": "3455000000",
            "costOfRevenue": "882000000",
            "costofGoodsAndServicesSold": "4379000000",
            "operatingIncome": "387000000",
            "sellingGeneralAndAdministrative": "222000000",
            "researchAndDevelopment": "None",
            "operatingExpenses": "2184000000",
            "investmentIncomeNet": "17000000",
            "netInterestIncome": "-258000000",
            "interestIncome": "220000000",
            "interestExpense": "258000000",
            "nonInterestIncome": "3888000000",
            "otherNonOperatingIncome": "27000000",
            "depreciation": "None",
            "depreciationAndAmortization": "519000000",
            "incomeBeforeTax": "570000000",
            "incomeTaxExpense": "121000000",
            "interestAndDebtExpense": "258000000",
            "netIncomeFromContinuingOperations": "944000000",
            "comprehensiveIncomeNetOfTax": "246000000",
            "ebit": "828000000",
            "ebitda": "1347000000",
            "netIncome": "449000000"
        },
        {
            "fiscalDateEnding": "2022-09-30",
            "reportedCurrency": "USD",
            "grossProfit": "2949000000",
            "totalRevenue": "3617000000",
            "costOfRevenue": "668000000",
            "costofGoodsAndServicesSold": "340000000",
            "operatingIncome": "953000000",
            "sellingGeneralAndAdministrative": "162000000",
            "researchAndDevelopment": "None",
            "operatingExpenses": "1994000000",
            "investmentIncomeNet": "18000000",
            "netInterestIncome": "-282000000",
            "interestIncome": "250000000",
            "interestExpense": "282000000",
            "nonInterestIncome": "3110000000",
            "otherNonOperatingIncome": "-40000000",
            "depreciation": "None",
            "depreciationAndAmortization": "506000000",
            "incomeBeforeTax": "517000000",
            "incomeTaxExpense": "21000000",
            "interestAndDebtExpense": "282000000",
            "netIncomeFromContinuingOperations": "278000000",
            "comprehensiveIncomeNetOfTax": "628000000",
            "ebit": "799000000",
            "ebitda": "1305000000",
            "netIncome": "496000000"
        },
        {
            "fiscalDateEnding": "2022-06-30",
            "reportedCurrency": "USD",
            "grossProfit": "2896000000",
            "totalRevenue": "3547000000",
            "costOfRevenue": "651000000",
            "costofGoodsAndServicesSold": "289000000",
            "operatingIncome": "1038000000",
            "sellingGeneralAndAdministrative": "150000000",
            "researchAndDevelopment": "None",
            "operatingExpenses": "1858000000",
            "investmentIncomeNet": "15000000",
            "netInterestIncome": "-271000000",
            "interestIncome": "19000000",
            "interestExpense": "271000000",
            "nonInterestIncome": "3030000000",
            "otherNonOperatingIncome": "-1000000",
            "depreciation": "None",
            "depreciationAndAmortization": "501000000",
            "incomeBeforeTax": "651000000",
            "incomeTaxExpense": "80000000",
            "interestAndDebtExpense": "271000000",
            "netIncomeFromContinuingOperations": "443000000",
            "comprehensiveIncomeNetOfTax": "726000000",
            "ebit": "922000000",
            "ebitda": "1423000000",
            "netIncome": "571000000"
        },
        {
            "fiscalDateEnding": "2022-03-31",
            "reportedCurrency": "USD",
            "grossProfit": "3165000000",
            "totalRevenue": "3820000000",
            "costOfRevenue": "655000000",
            "costofGoodsAndServicesSold": "135000000",
            "operatingIncome": "1284000000",
            "sellingGeneralAndAdministrative": "162000000",
            "researchAndDevelopment": "None",
            "operatingExpenses": "1881000000",
            "investmentIncomeNet": "25000000",
            "netInterestIncome": "-243000000",
            "interestIncome": "26000000",
            "interestExpense": "243000000",
            "nonInterestIncome": "3670000000",
            "otherNonOperatingIncome": "38000000",
            "depreciation": "None",
            "depreciationAndAmortization": "493000000",
            "incomeBeforeTax": "957000000",
            "incomeTaxExpense": "334000000",
            "interestAndDebtExpense": "243000000",
            "netIncomeFromContinuingOperations": "474000000",
            "comprehensiveIncomeNetOfTax": "767000000",
            "ebit": "1200000000",
            "ebitda": "1693000000",
            "netIncome": "623000000"
        },
        {
            "fiscalDateEnding": "2021-12-31",
            "reportedCurrency": "USD",
            "grossProfit": "3025000000",
            "totalRevenue": "3844000000",
            "costOfRevenue": "819000000",
            "costofGoodsAndServicesSold": "163000000",
            "operatingIncome": "1033000000",
            "sellingGeneralAndAdministrative": "212000000",
            "researchAndDevelopment": "None",
            "operatingExpenses": "1970000000",
            "investmentIncomeNet": "19000000",
            "netInterestIncome": "-422000000",
            "interestIncome": "391000000",
            "interestExpense": "422000000",
            "nonInterestIncome": "3409000000",
            "otherNonOperatingIncome": "6000000",
            "depreciation": "None",
            "depreciationAndAmortization": "479000000",
            "incomeBeforeTax": "759000000",
            "incomeTaxExpense": "144000000",
            "interestAndDebtExpense": "422000000",
            "netIncomeFromContinuingOperations": "615000000",
            "comprehensiveIncomeNetOfTax": "618000000",
            "ebit": "1181000000",
            "ebitda": "1660000000",
            "netIncome": "615000000"
        },
        {
            "fiscalDateEnding": "2021-09-30",
            "reportedCurrency": "USD",
            "grossProfit": "2391000000",
            "totalRevenue": "3013000000",
            "costOfRevenue": "622000000",
            "costofGoodsAndServicesSold": "220000000",
            "operatingIncome": "-875000000",
            "sellingGeneralAndAdministrative": "151000000",
            "researchAndDevelopment": "None",
            "operatingExpenses": "3266000000",
            "investmentIncomeNet": "16000000",
            "netInterestIncome": "-259000000",
            "interestIncome": "18000000",
            "interestExpense": "259000000",
            "nonInterestIncome": "2631000000",
            "otherNonOperatingIncome": "-55000000",
            "depreciation": "None",
            "depreciationAndAmortization": "471000000",
            "incomeBeforeTax": "-979000000",
            "incomeTaxExpense": "-342000000",
            "interestAndDebtExpense": "259000000",
            "netIncomeFromContinuingOperations": "-637000000",
            "comprehensiveIncomeNetOfTax": "-614000000",
            "ebit": "-720000000",
            "ebitda": "-249000000",
            "netIncome": "-637000000"
        },
        {
            "fiscalDateEnding": "2021-06-30",
            "reportedCurrency": "USD",
            "grossProfit": "2140000000",
            "totalRevenue": "2741000000",
            "costOfRevenue": "601000000",
            "costofGoodsAndServicesSold": "119000000",
            "operatingIncome": "515000000",
            "sellingGeneralAndAdministrative": "138000000",
            "researchAndDevelopment": "None",
            "operatingExpenses": "1625000000",
            "investmentIncomeNet": "15000000",
            "netInterestIncome": "-258000000",
            "interestIncome": "17000000",
            "interestExpense": "258000000",
            "nonInterestIncome": "2496000000",
            "otherNonOperatingIncome": "72000000",
            "depreciation": "None",
            "depreciationAndAmortization": "463000000",
            "incomeBeforeTax": "584000000",
            "incomeTaxExpense": "139000000",
            "interestAndDebtExpense": "258000000",
            "netIncomeFromContinuingOperations": "445000000",
            "comprehensiveIncomeNetOfTax": "442000000",
            "ebit": "842000000",
            "ebitda": "1305000000",
            "netIncome": "445000000"
        },
        {
            "fiscalDateEnding": "2021-03-31",
            "reportedCurrency": "USD",
            "grossProfit": "2659000000",
            "totalRevenue": "3259000000",
            "costOfRevenue": "600000000",
            "costofGoodsAndServicesSold": "109000000",
            "operatingIncome": "1013000000",
            "sellingGeneralAndAdministrative": "153000000",
            "researchAndDevelopment": "None",
            "operatingExpenses": "1646000000",
            "investmentIncomeNet": "19000000",
            "netInterestIncome": "-259000000",
            "interestIncome": "240000000",
            "interestExpense": "259000000",
            "nonInterestIncome": "3122000000",
            "otherNonOperatingIncome": "35000000",
            "depreciation": "None",
            "depreciationAndAmortization": "442000000",
            "incomeBeforeTax": "1053000000",
            "incomeTaxExpense": "158000000",
            "interestAndDebtExpense": "259000000",
            "netIncomeFromContinuingOperations": "895000000",
            "comprehensiveIncomeNetOfTax": "1043000000",
            "ebit": "1312000000",
            "ebitda": "1754000000",
            "netIncome": "895000000"
        },
        {
            "fiscalDateEnding": "2020-12-31",
            "reportedCurrency": "USD",
            "grossProfit": "2434000000",
            "totalRevenue": "3171000000",
            "costOfRevenue": "737000000",
            "costofGoodsAndServicesSold": "1735000000",
            "operatingIncome": "300000000",
            "sellingGeneralAndAdministrative": "208000000",
            "researchAndDevelopment": "None",
            "operatingExpenses": "2134000000",
            "investmentIncomeNet": "20000000",
            "netInterestIncome": "-263000000",
            "interestIncome": "21000000",
            "interestExpense": "263000000",
            "nonInterestIncome": "2901000000",
            "otherNonOperatingIncome": "115000000",
            "depreciation": "None",
            "depreciationAndAmortization": "424000000",
            "incomeBeforeTax": "603000000",
            "incomeTaxExpense": "189000000",
            "interestAndDebtExpense": "263000000",
            "netIncomeFromContinuingOperations": "432000000",
            "comprehensiveIncomeNetOfTax": "432000000",
            "ebit": "866000000",
            "ebitda": "1290000000",
            "netIncome": "414000000"
        },
        {
            "fiscalDateEnding": "2020-09-30",
            "reportedCurrency": "USD",
            "grossProfit": "2074000000",
            "totalRevenue": "2644000000",
            "costOfRevenue": "570000000",
            "costofGoodsAndServicesSold": "1677000000",
            "operatingIncome": "460000000",
            "sellingGeneralAndAdministrative": "139000000",
            "researchAndDevelopment": "None",
            "operatingExpenses": "1614000000",
            "investmentIncomeNet": "27000000",
            "netInterestIncome": "-264000000",
            "interestIncome": "237000000",
            "interestExpense": "264000000",
            "nonInterestIncome": "2363000000",
            "otherNonOperatingIncome": "29000000",
            "depreciation": "None",
            "depreciationAndAmortization": "418000000",
            "incomeBeforeTax": "450000000",
            "incomeTaxExpense": "99000000",
            "interestAndDebtExpense": "264000000",
            "netIncomeFromContinuingOperations": "428000000",
            "comprehensiveIncomeNetOfTax": "637000000",
            "ebit": "714000000",
            "ebitda": "1132000000",
            "netIncome": "351000000"
        },
        {
            "fiscalDateEnding": "2020-06-30",
            "reportedCurrency": "USD",
            "grossProfit": "1989000000",
            "totalRevenue": "2526000000",
            "costOfRevenue": "537000000",
            "costofGoodsAndServicesSold": "1340000000",
            "operatingIncome": "554000000",
            "sellingGeneralAndAdministrative": "121000000",
            "researchAndDevelopment": "None",
            "operatingExpenses": "1435000000",
            "investmentIncomeNet": "22000000",
            "netInterestIncome": "-274000000",
            "interestIncome": "33000000",
            "interestExpense": "274000000",
            "nonInterestIncome": "2137000000",
            "otherNonOperatingIncome": "62000000",
            "depreciation": "None",
            "depreciationAndAmortization": "412000000",
            "incomeBeforeTax": "2407000000",
            "incomeTaxExpense": "168000000",
            "interestAndDebtExpense": "274000000",
            "netIncomeFromContinuingOperations": "528000000",
            "comprehensiveIncomeNetOfTax": "2928000000",
            "ebit": "2681000000",
            "ebitda": "3093000000",
            "netIncome": "2239000000"
        },
        {
            "fiscalDateEnding": "2020-03-31",
            "reportedCurrency": "USD",
            "grossProfit": "2474000000",
            "totalRevenue": "3029000000",
            "costOfRevenue": "555000000",
            "costofGoodsAndServicesSold": "1576000000",
            "operatingIncome": "963000000",
            "sellingGeneralAndAdministrative": "137000000",
            "researchAndDevelopment": "None",
            "operatingExpenses": "1511000000",
            "investmentIncomeNet": "27000000",
            "netInterestIncome": "-280000000",
            "interestIncome": "29000000",
            "interestExpense": "280000000",
            "nonInterestIncome": "2884000000",
            "otherNonOperatingIncome": "-254000000",
            "depreciation": "None",
            "depreciationAndAmortization": "412000000",
            "incomeBeforeTax": "553000000",
            "incomeTaxExpense": "-207000000",
            "interestAndDebtExpense": "280000000",
            "netIncomeFromContinuingOperations": "867000000",
            "comprehensiveIncomeNetOfTax": "513000000",
            "ebit": "833000000",
            "ebitda": "1245000000",
            "netIncome": "760000000"
        },
        {
            "fiscalDateEnding": "2019-12-31",
            "reportedCurrency": "USD",
            "grossProfit": "2232000000",
            "totalRevenue": "2943000000",
            "costOfRevenue": "711000000",
            "costofGoodsAndServicesSold": "1639000000",
            "operatingIncome": "570000000",
            "sellingGeneralAndAdministrative": "193000000",
            "researchAndDevelopment": "None",
            "operatingExpenses": "1662000000",
            "investmentIncomeNet": "23000000",
            "netInterestIncome": "-280000000",
            "interestIncome": "28000000",
            "interestExpense": "280000000",
            "nonInterestIncome": "2658000000",
            "otherNonOperatingIncome": "-26000000",
            "depreciation": "None",
            "depreciationAndAmortization": "395000000",
            "incomeBeforeTax": "612000000",
            "incomeTaxExpense": "165000000",
            "interestAndDebtExpense": "280000000",
            "netIncomeFromContinuingOperations": "429000000",
            "comprehensiveIncomeNetOfTax": "500000000",
            "ebit": "892000000",
            "ebitda": "1287000000",
            "netIncome": "447000000"
        },
        {
            "fiscalDateEnding": "2019-09-30",
            "reportedCurrency": "USD",
            "grossProfit": "2229000000",
            "totalRevenue": "2758000000",
            "costOfRevenue": "529000000",
            "costofGoodsAndServicesSold": "1471000000",
            "operatingIncome": "852000000",
            "sellingGeneralAndAdministrative": "127000000",
            "researchAndDevelopment": "None",
            "operatingExpenses": "1377000000",
            "investmentIncomeNet": "22000000",
            "netInterestIncome": "-279000000",
            "interestIncome": "26000000",
            "interestExpense": "279000000",
            "nonInterestIncome": "2370000000",
            "otherNonOperatingIncome": "-7000000",
            "depreciation": "None",
            "depreciationAndAmortization": "402000000",
            "incomeBeforeTax": "874000000",
            "incomeTaxExpense": "61000000",
            "interestAndDebtExpense": "279000000",
            "netIncomeFromContinuingOperations": "653000000",
            "comprehensiveIncomeNetOfTax": "707000000",
            "ebit": "1153000000",
            "ebitda": "1555000000",
            "netIncome": "813000000"
        },
        {
            "fiscalDateEnding": "2019-06-30",
            "reportedCurrency": "USD",
            "grossProfit": "1729000000",
            "totalRevenue": "2230000000",
            "costOfRevenue": "501000000",
            "costofGoodsAndServicesSold": "1300000000",
            "operatingIncome": "456000000",
            "sellingGeneralAndAdministrative": "112000000",
            "researchAndDevelopment": "None",
            "operatingExpenses": "1273000000",
            "investmentIncomeNet": "21000000",
            "netInterestIncome": "-258000000",
            "interestIncome": "27000000",
            "interestExpense": "258000000",
            "nonInterestIncome": "2084000000",
            "otherNonOperatingIncome": "28000000",
            "depreciation": "None",
            "depreciationAndAmortization": "389000000",
            "incomeBeforeTax": "401000000",
            "incomeTaxExpense": "47000000",
            "interestAndDebtExpense": "258000000",
            "netIncomeFromContinuingOperations": "357000000",
            "comprehensiveIncomeNetOfTax": "353000000",
            "ebit": "659000000",
            "ebitda": "1048000000",
            "netIncome": "354000000"
        },
        {
            "fiscalDateEnding": "2019-03-31",
            "reportedCurrency": "USD",
            "grossProfit": "2385000000",
            "totalRevenue": "2898000000",
            "costOfRevenue": "513000000",
            "costofGoodsAndServicesSold": "1727000000",
            "operatingIncome": "1040000000",
            "sellingGeneralAndAdministrative": "130000000",
            "researchAndDevelopment": "None",
            "operatingExpenses": "1345000000",
            "investmentIncomeNet": "21000000",
            "netInterestIncome": "-260000000",
            "interestIncome": "225000000",
            "interestExpense": "260000000",
            "nonInterestIncome": "3050000000",
            "otherNonOperatingIncome": "82000000",
            "depreciation": "None",
            "depreciationAndAmortization": "383000000",
            "incomeBeforeTax": "483000000",
            "incomeTaxExpense": "42000000",
            "interestAndDebtExpense": "260000000",
            "netIncomeFromContinuingOperations": "560000000",
            "comprehensiveIncomeNetOfTax": "466000000",
            "ebit": "743000000",
            "ebitda": "1126000000",
            "netIncome": "441000000"
        },
        {
            "fiscalDateEnding": "2018-12-31",
            "reportedCurrency": "USD",
            "grossProfit": "2480000000",
            "totalRevenue": "2826000000",
            "costOfRevenue": "741000000",
            "costofGoodsAndServicesSold": "2019000000",
            "operatingIncome": "1337000000",
            "sellingGeneralAndAdministrative": "319000000",
            "researchAndDevelopment": "None",
            "operatingExpenses": "1143000000",
            "investmentIncomeNet": "28000000",
            "netInterestIncome": "-240000000",
            "interestIncome": "-10000000",
            "interestExpense": "230000000",
            "nonInterestIncome": "3312000000",
            "otherNonOperatingIncome": "59000000",
            "depreciation": "None",
            "depreciationAndAmortization": "376000000",
            "incomeBeforeTax": "1036000000",
            "incomeTaxExpense": "172000000",
            "interestAndDebtExpense": "240000000",
            "netIncomeFromContinuingOperations": "913000000",
            "comprehensiveIncomeNetOfTax": "964000000",
            "ebit": "1266000000",
            "ebitda": "1642000000",
            "netIncome": "864000000"
        },
        {
            "fiscalDateEnding": "2018-09-30",
            "reportedCurrency": "USD",
            "grossProfit": "2429000000",
            "totalRevenue": "2565000000",
            "costOfRevenue": "511000000",
            "costofGoodsAndServicesSold": "1885000000",
            "operatingIncome": "1099000000",
            "sellingGeneralAndAdministrative": "131000000",
            "researchAndDevelopment": "None",
            "operatingExpenses": "1330000000",
            "investmentIncomeNet": "22000000",
            "netInterestIncome": "-232000000",
            "interestIncome": "-10000000",
            "interestExpense": "222000000",
            "nonInterestIncome": "3020000000",
            "otherNonOperatingIncome": "0",
            "depreciation": "None",
            "depreciationAndAmortization": "366000000",
            "incomeBeforeTax": "413000000",
            "incomeTaxExpense": "139000000",
            "interestAndDebtExpense": "232000000",
            "netIncomeFromContinuingOperations": "280000000",
            "comprehensiveIncomeNetOfTax": "301000000",
            "ebit": "635000000",
            "ebitda": "1001000000",
            "netIncome": "274000000"
        },
        {
            "fiscalDateEnding": "2018-06-30",
            "reportedCurrency": "USD",
            "grossProfit": "2068000000",
            "totalRevenue": "2175000000",
            "costOfRevenue": "496000000",
            "costofGoodsAndServicesSold": "1607000000",
            "operatingIncome": "789000000",
            "sellingGeneralAndAdministrative": "104000000",
            "researchAndDevelopment": "None",
            "operatingExpenses": "1279000000",
            "investmentIncomeNet": "21000000",
            "netInterestIncome": "-237000000",
            "interestIncome": "-9000000",
            "interestExpense": "228000000",
            "nonInterestIncome": "2315000000",
            "otherNonOperatingIncome": "-3000000",
            "depreciation": "None",
            "depreciationAndAmortization": "377000000",
            "incomeBeforeTax": "-1163000000",
            "incomeTaxExpense": "-602000000",
            "interestAndDebtExpense": "237000000",
            "netIncomeFromContinuingOperations": "-585000000",
            "comprehensiveIncomeNetOfTax": "-525000000",
            "ebit": "-935000000",
            "ebitda": "-558000000",
            "netIncome": "-561000000"
        },
        {
            "fiscalDateEnding": "2018-03-31",
            "reportedCurrency": "USD",
            "grossProfit": "1559000000",
            "totalRevenue": "2536000000",
            "costOfRevenue": "1403000000",
            "costofGoodsAndServicesSold": "894000000",
            "operatingIncome": "269000000",
            "sellingGeneralAndAdministrative": "117000000",
            "researchAndDevelopment": "None",
            "operatingExpenses": "1290000000",
            "investmentIncomeNet": "33000000",
            "netInterestIncome": "-216000000",
            "interestIncome": "-10000000",
            "interestExpense": "206000000",
            "nonInterestIncome": "2930000000",
            "otherNonOperatingIncome": "2000000",
            "depreciation": "None",
            "depreciationAndAmortization": "372000000",
            "incomeBeforeTax": "589000000",
            "incomeTaxExpense": "242000000",
            "interestAndDebtExpense": "216000000",
            "netIncomeFromContinuingOperations": "330000000",
            "comprehensiveIncomeNetOfTax": "369000000",
            "ebit": "795000000",
            "ebitda": "1167000000",
            "netIncome": "347000000"
        }
    ]
}