{
    "symbol": "NRG",
    "annualReports": [
        {
            "fiscalDateEnding": "2022-12-31",
            "reportedCurrency": "USD",
            "grossProfit": "2114000000",
            "totalRevenue": "31543000000",
            "costOfRevenue": "29429000000",
            "costofGoodsAndServicesSold": "27446000000",
            "operatingIncome": "2018000000",
            "sellingGeneralAndAdministrative": "1228000000",
            "researchAndDevelopment": "None",
            "operatingExpenses": "1892000000",
            "investmentIncomeNet": "None",
            "netInterestIncome": "-417000000",
            "interestIncome": "411000000",
            "interestExpense": "417000000",
            "nonInterestIncome": "31481000000",
            "otherNonOperatingIncome": "56000000",
            "depreciation": "291000000",
            "depreciationAndAmortization": "494000000",
            "incomeBeforeTax": "1663000000",
            "incomeTaxExpense": "442000000",
            "interestAndDebtExpense": "417000000",
            "netIncomeFromContinuingOperations": "1221000000",
            "comprehensiveIncomeNetOfTax": "1170000000",
            "ebit": "2080000000",
            "ebitda": "2574000000",
            "netIncome": "1221000000"
        },
        {
            "fiscalDateEnding": "2021-12-31",
            "reportedCurrency": "USD",
            "grossProfit": "4116000000",
            "totalRevenue": "26989000000",
            "costOfRevenue": "22873000000",
            "costofGoodsAndServicesSold": "20482000000",
            "operatingIncome": "3341000000",
            "sellingGeneralAndAdministrative": "1293000000",
            "researchAndDevelopment": "None",
            "operatingExpenses": "2828000000",
            "investmentIncomeNet": "None",
            "netInterestIncome": "-485000000",
            "interestIncome": "468000000",
            "interestExpense": "485000000",
            "nonInterestIncome": "29201000000",
            "otherNonOperatingIncome": "63000000",
            "depreciation": "384000000",
            "depreciationAndAmortization": "499000000",
            "incomeBeforeTax": "2859000000",
            "incomeTaxExpense": "672000000",
            "interestAndDebtExpense": "562000000",
            "netIncomeFromContinuingOperations": "2187000000",
            "comprehensiveIncomeNetOfTax": "2267000000",
            "ebit": "3344000000",
            "ebitda": "3843000000",
            "netIncome": "2187000000"
        },
        {
            "fiscalDateEnding": "2020-12-31",
            "reportedCurrency": "USD",
            "grossProfit": "2553000000",
            "totalRevenue": "9093000000",
            "costOfRevenue": "6540000000",
            "costofGoodsAndServicesSold": "6540000000",
            "operatingIncome": "1105000000",
            "sellingGeneralAndAdministrative": "810000000",
            "researchAndDevelopment": "8000000",
            "operatingExpenses": "1370000000",
            "investmentIncomeNet": "None",
            "netInterestIncome": "-401000000",
            "interestIncome": "384000000",
            "interestExpense": "401000000",
            "nonInterestIncome": "8613000000",
            "otherNonOperatingIncome": "67000000",
            "depreciation": "295000000",
            "depreciationAndAmortization": "207000000",
            "incomeBeforeTax": "761000000",
            "incomeTaxExpense": "251000000",
            "interestAndDebtExpense": "410000000",
            "netIncomeFromContinuingOperations": "510000000",
            "comprehensiveIncomeNetOfTax": "496000000",
            "ebit": "1162000000",
            "ebitda": "1369000000",
            "netIncome": "510000000"
        },
        {
            "fiscalDateEnding": "2019-12-31",
            "reportedCurrency": "USD",
            "grossProfit": "2518000000",
            "totalRevenue": "9821000000",
            "costOfRevenue": "7303000000",
            "costofGoodsAndServicesSold": "7303000000",
            "operatingIncome": "1290000000",
            "sellingGeneralAndAdministrative": "760000000",
            "researchAndDevelopment": "7000000",
            "operatingExpenses": "1188000000",
            "investmentIncomeNet": "None",
            "netInterestIncome": "-413000000",
            "interestIncome": "411000000",
            "interestExpense": "413000000",
            "nonInterestIncome": "7982000000",
            "otherNonOperatingIncome": "66000000",
            "depreciation": "271000000",
            "depreciationAndAmortization": "203000000",
            "incomeBeforeTax": "1104000000",
            "incomeTaxExpense": "-3334000000",
            "interestAndDebtExpense": "464000000",
            "netIncomeFromContinuingOperations": "4117000000",
            "comprehensiveIncomeNetOfTax": "4340000000",
            "ebit": "1517000000",
            "ebitda": "1720000000",
            "netIncome": "4438000000"
        },
        {
            "fiscalDateEnding": "2018-12-31",
            "reportedCurrency": "USD",
            "grossProfit": "2370000000",
            "totalRevenue": "9478000000",
            "costOfRevenue": "7108000000",
            "costofGoodsAndServicesSold": "3000000",
            "operatingIncome": "982000000",
            "sellingGeneralAndAdministrative": "799000000",
            "researchAndDevelopment": "11000000",
            "operatingExpenses": "1310000000",
            "investmentIncomeNet": "None",
            "netInterestIncome": "-483000000",
            "interestIncome": "474000000",
            "interestExpense": "483000000",
            "nonInterestIncome": "8305000000",
            "otherNonOperatingIncome": "18000000",
            "depreciation": "356000000",
            "depreciationAndAmortization": "155000000",
            "incomeBeforeTax": "275000000",
            "incomeTaxExpense": "7000000",
            "interestAndDebtExpense": "527000000",
            "netIncomeFromContinuingOperations": "465000000",
            "comprehensiveIncomeNetOfTax": "232000000",
            "ebit": "758000000",
            "ebitda": "913000000",
            "netIncome": "268000000"
        }
    ],
    "quarterlyReports": [
        {
            "fiscalDateEnding": "2022-12-31",
            "reportedCurrency": "USD",
            "grossProfit": "-1722000000",
            "totalRevenue": "7855000000",
            "costOfRevenue": "9577000000",
            "costofGoodsAndServicesSold": "8827000000",
            "operatingIncome": "-1317000000",
            "sellingGeneralAndAdministrative": "255000000",
            "researchAndDevelopment": "None",
            "operatingExpenses": "638000000",
            "investmentIncomeNet": "None",
            "netInterestIncome": "-104000000",
            "interestIncome": "98000000",
            "interestExpense": "104000000",
            "nonInterestIncome": "3730000000",
            "otherNonOperatingIncome": "23000000",
            "depreciation": "None",
            "depreciationAndAmortization": "452000000",
            "incomeBeforeTax": "-1392000000",
            "incomeTaxExpense": "-297000000",
            "interestAndDebtExpense": "104000000",
            "netIncomeFromContinuingOperations": "-1095000000",
            "comprehensiveIncomeNetOfTax": "-1118000000",
            "ebit": "-1288000000",
            "ebitda": "-836000000",
            "netIncome": "-1095000000"
        },
        {
            "fiscalDateEnding": "2022-09-30",
            "reportedCurrency": "USD",
            "grossProfit": "339000000",
            "totalRevenue": "8510000000",
            "costOfRevenue": "8171000000",
            "costofGoodsAndServicesSold": "7802000000",
            "operatingIncome": "156000000",
            "sellingGeneralAndAdministrative": "326000000",
            "researchAndDevelopment": "None",
            "operatingExpenses": "399000000",
            "investmentIncomeNet": "None",
            "netInterestIncome": "-105000000",
            "interestIncome": "94000000",
            "interestExpense": "105000000",
            "nonInterestIncome": "8672000000",
            "otherNonOperatingIncome": "21000000",
            "depreciation": "None",
            "depreciationAndAmortization": "14000000",
            "incomeBeforeTax": "83000000",
            "incomeTaxExpense": "16000000",
            "interestAndDebtExpense": "105000000",
            "netIncomeFromContinuingOperations": "67000000",
            "comprehensiveIncomeNetOfTax": "33000000",
            "ebit": "188000000",
            "ebitda": "202000000",
            "netIncome": "67000000"
        },
        {
            "fiscalDateEnding": "2022-06-30",
            "reportedCurrency": "USD",
            "grossProfit": "915000000",
            "totalRevenue": "7282000000",
            "costOfRevenue": "6367000000",
            "costofGoodsAndServicesSold": "5887000000",
            "operatingIncome": "754000000",
            "sellingGeneralAndAdministrative": "325000000",
            "researchAndDevelopment": "None",
            "operatingExpenses": "474000000",
            "investmentIncomeNet": "None",
            "netInterestIncome": "-105000000",
            "interestIncome": "101000000",
            "interestExpense": "105000000",
            "nonInterestIncome": "8345000000",
            "otherNonOperatingIncome": "12000000",
            "depreciation": "None",
            "depreciationAndAmortization": "14000000",
            "incomeBeforeTax": "665000000",
            "incomeTaxExpense": "152000000",
            "interestAndDebtExpense": "105000000",
            "netIncomeFromContinuingOperations": "513000000",
            "comprehensiveIncomeNetOfTax": "511000000",
            "ebit": "770000000",
            "ebitda": "784000000",
            "netIncome": "513000000"
        },
        {
            "fiscalDateEnding": "2022-03-31",
            "reportedCurrency": "USD",
            "grossProfit": "2623000000",
            "totalRevenue": "7896000000",
            "costOfRevenue": "5273000000",
            "costofGoodsAndServicesSold": "4930000000",
            "operatingIncome": "2425000000",
            "sellingGeneralAndAdministrative": "322000000",
            "researchAndDevelopment": "None",
            "operatingExpenses": "362000000",
            "investmentIncomeNet": "None",
            "netInterestIncome": "-103000000",
            "interestIncome": "118000000",
            "interestExpense": "103000000",
            "nonInterestIncome": "10734000000",
            "otherNonOperatingIncome": "0",
            "depreciation": "None",
            "depreciationAndAmortization": "14000000",
            "incomeBeforeTax": "2307000000",
            "incomeTaxExpense": "571000000",
            "interestAndDebtExpense": "103000000",
            "netIncomeFromContinuingOperations": "1736000000",
            "comprehensiveIncomeNetOfTax": "1744000000",
            "ebit": "2410000000",
            "ebitda": "2424000000",
            "netIncome": "1736000000"
        },
        {
            "fiscalDateEnding": "2021-12-31",
            "reportedCurrency": "USD",
            "grossProfit": "-968000000",
            "totalRevenue": "7046000000",
            "costOfRevenue": "8014000000",
            "costofGoodsAndServicesSold": "6986000000",
            "operatingIncome": "-479000000",
            "sellingGeneralAndAdministrative": "320000000",
            "researchAndDevelopment": "None",
            "operatingExpenses": "779000000",
            "investmentIncomeNet": "None",
            "netInterestIncome": "-111000000",
            "interestIncome": "117000000",
            "interestExpense": "111000000",
            "nonInterestIncome": "5696000000",
            "otherNonOperatingIncome": "21000000",
            "depreciation": "None",
            "depreciationAndAmortization": "460000000",
            "incomeBeforeTax": "-595000000",
            "incomeTaxExpense": "-168000000",
            "interestAndDebtExpense": "131000000",
            "netIncomeFromContinuingOperations": "-427000000",
            "comprehensiveIncomeNetOfTax": "-361000000",
            "ebit": "-484000000",
            "ebitda": "-24000000",
            "netIncome": "-427000000"
        },
        {
            "fiscalDateEnding": "2021-09-30",
            "reportedCurrency": "USD",
            "grossProfit": "2598000000",
            "totalRevenue": "6609000000",
            "costOfRevenue": "4011000000",
            "costofGoodsAndServicesSold": "3692000000",
            "operatingIncome": "2319000000",
            "sellingGeneralAndAdministrative": "318000000",
            "researchAndDevelopment": "None",
            "operatingExpenses": "383000000",
            "investmentIncomeNet": "None",
            "netInterestIncome": "-122000000",
            "interestIncome": "107000000",
            "interestExpense": "122000000",
            "nonInterestIncome": "8357000000",
            "otherNonOperatingIncome": "8000000",
            "depreciation": "None",
            "depreciationAndAmortization": "14000000",
            "incomeBeforeTax": "2163000000",
            "incomeTaxExpense": "545000000",
            "interestAndDebtExpense": "179000000",
            "netIncomeFromContinuingOperations": "1618000000",
            "comprehensiveIncomeNetOfTax": "1608000000",
            "ebit": "2285000000",
            "ebitda": "2299000000",
            "netIncome": "1618000000"
        },
        {
            "fiscalDateEnding": "2021-06-30",
            "reportedCurrency": "USD",
            "grossProfit": "2286000000",
            "totalRevenue": "5243000000",
            "costOfRevenue": "2957000000",
            "costofGoodsAndServicesSold": "2948000000",
            "operatingIncome": "1557000000",
            "sellingGeneralAndAdministrative": "317000000",
            "researchAndDevelopment": "None",
            "operatingExpenses": "655000000",
            "investmentIncomeNet": "None",
            "netInterestIncome": "-125000000",
            "interestIncome": "111000000",
            "interestExpense": "125000000",
            "nonInterestIncome": "6628000000",
            "otherNonOperatingIncome": "12000000",
            "depreciation": "None",
            "depreciationAndAmortization": "12000000",
            "incomeBeforeTax": "1458000000",
            "incomeTaxExpense": "380000000",
            "interestAndDebtExpense": "125000000",
            "netIncomeFromContinuingOperations": "1078000000",
            "comprehensiveIncomeNetOfTax": "1099000000",
            "ebit": "1583000000",
            "ebitda": "1595000000",
            "netIncome": "1078000000"
        },
        {
            "fiscalDateEnding": "2021-03-31",
            "reportedCurrency": "USD",
            "grossProfit": "1227000000",
            "totalRevenue": "8091000000",
            "costOfRevenue": "6864000000",
            "costofGoodsAndServicesSold": "6857000000",
            "operatingIncome": "-56000000",
            "sellingGeneralAndAdministrative": "337000000",
            "researchAndDevelopment": "2000000",
            "operatingExpenses": "961000000",
            "investmentIncomeNet": "None",
            "netInterestIncome": "-127000000",
            "interestIncome": "133000000",
            "interestExpense": "127000000",
            "nonInterestIncome": "8488000000",
            "otherNonOperatingIncome": "22000000",
            "depreciation": "None",
            "depreciationAndAmortization": "13000000",
            "incomeBeforeTax": "-167000000",
            "incomeTaxExpense": "-85000000",
            "interestAndDebtExpense": "127000000",
            "netIncomeFromContinuingOperations": "-82000000",
            "comprehensiveIncomeNetOfTax": "-79000000",
            "ebit": "-40000000",
            "ebitda": "-27000000",
            "netIncome": "-82000000"
        },
        {
            "fiscalDateEnding": "2020-12-31",
            "reportedCurrency": "USD",
            "grossProfit": "412000000",
            "totalRevenue": "2027000000",
            "costOfRevenue": "1615000000",
            "costofGoodsAndServicesSold": "1615000000",
            "operatingIncome": "-16000000",
            "sellingGeneralAndAdministrative": "218000000",
            "researchAndDevelopment": "2000000",
            "operatingExpenses": "527000000",
            "investmentIncomeNet": "None",
            "netInterestIncome": "-109000000",
            "interestIncome": "129000000",
            "interestExpense": "109000000",
            "nonInterestIncome": "1808000000",
            "otherNonOperatingIncome": "15000000",
            "depreciation": "None",
            "depreciationAndAmortization": "167000000",
            "incomeBeforeTax": "-138000000",
            "incomeTaxExpense": "35000000",
            "interestAndDebtExpense": "117000000",
            "netIncomeFromContinuingOperations": "-173000000",
            "comprehensiveIncomeNetOfTax": "-189000000",
            "ebit": "-29000000",
            "ebitda": "138000000",
            "netIncome": "-173000000"
        },
        {
            "fiscalDateEnding": "2020-09-30",
            "reportedCurrency": "USD",
            "grossProfit": "775000000",
            "totalRevenue": "2809000000",
            "costOfRevenue": "2034000000",
            "costofGoodsAndServicesSold": "2034000000",
            "operatingIncome": "393000000",
            "sellingGeneralAndAdministrative": "216000000",
            "researchAndDevelopment": "1000000",
            "operatingExpenses": "309000000",
            "investmentIncomeNet": "None",
            "netInterestIncome": "-99000000",
            "interestIncome": "63000000",
            "interestExpense": "99000000",
            "nonInterestIncome": "2669000000",
            "otherNonOperatingIncome": "11000000",
            "depreciation": "None",
            "depreciationAndAmortization": "15000000",
            "incomeBeforeTax": "341000000",
            "incomeTaxExpense": "92000000",
            "interestAndDebtExpense": "99000000",
            "netIncomeFromContinuingOperations": "249000000",
            "comprehensiveIncomeNetOfTax": "253000000",
            "ebit": "440000000",
            "ebitda": "455000000",
            "netIncome": "249000000"
        },
        {
            "fiscalDateEnding": "2020-06-30",
            "reportedCurrency": "USD",
            "grossProfit": "804000000",
            "totalRevenue": "2238000000",
            "costOfRevenue": "1434000000",
            "costofGoodsAndServicesSold": "1434000000",
            "operatingIncome": "484000000",
            "sellingGeneralAndAdministrative": "186000000",
            "researchAndDevelopment": "2000000",
            "operatingExpenses": "234000000",
            "investmentIncomeNet": "None",
            "netInterestIncome": "-96000000",
            "interestIncome": "84000000",
            "interestExpense": "96000000",
            "nonInterestIncome": "2178000000",
            "otherNonOperatingIncome": "14000000",
            "depreciation": "None",
            "depreciationAndAmortization": "12000000",
            "incomeBeforeTax": "414000000",
            "incomeTaxExpense": "101000000",
            "interestAndDebtExpense": "96000000",
            "netIncomeFromContinuingOperations": "313000000",
            "comprehensiveIncomeNetOfTax": "326000000",
            "ebit": "510000000",
            "ebitda": "522000000",
            "netIncome": "313000000"
        },
        {
            "fiscalDateEnding": "2020-03-31",
            "reportedCurrency": "USD",
            "grossProfit": "562000000",
            "totalRevenue": "2019000000",
            "costOfRevenue": "1457000000",
            "costofGoodsAndServicesSold": "1457000000",
            "operatingIncome": "244000000",
            "sellingGeneralAndAdministrative": "190000000",
            "researchAndDevelopment": "3000000",
            "operatingExpenses": "246000000",
            "investmentIncomeNet": "None",
            "netInterestIncome": "-98000000",
            "interestIncome": "109000000",
            "interestExpense": "98000000",
            "nonInterestIncome": "1959000000",
            "otherNonOperatingIncome": "27000000",
            "depreciation": "None",
            "depreciationAndAmortization": "13000000",
            "incomeBeforeTax": "144000000",
            "incomeTaxExpense": "23000000",
            "interestAndDebtExpense": "98000000",
            "netIncomeFromContinuingOperations": "121000000",
            "comprehensiveIncomeNetOfTax": "106000000",
            "ebit": "242000000",
            "ebitda": "255000000",
            "netIncome": "121000000"
        },
        {
            "fiscalDateEnding": "2019-12-31",
            "reportedCurrency": "USD",
            "grossProfit": "541000000",
            "totalRevenue": "2195000000",
            "costOfRevenue": "1654000000",
            "costofGoodsAndServicesSold": "1654000000",
            "operatingIncome": "209000000",
            "sellingGeneralAndAdministrative": "145000000",
            "researchAndDevelopment": "2000000",
            "operatingExpenses": "460000000",
            "investmentIncomeNet": "None",
            "netInterestIncome": "-95000000",
            "interestIncome": "101000000",
            "interestExpense": "95000000",
            "nonInterestIncome": "1894000000",
            "otherNonOperatingIncome": "17000000",
            "depreciation": "None",
            "depreciationAndAmortization": "163000000",
            "incomeBeforeTax": "40000000",
            "incomeTaxExpense": "-3343000000",
            "interestAndDebtExpense": "99000000",
            "netIncomeFromContinuingOperations": "3461000000",
            "comprehensiveIncomeNetOfTax": "3349000000",
            "ebit": "135000000",
            "ebitda": "298000000",
            "netIncome": "3383000000"
        },
        {
            "fiscalDateEnding": "2019-09-30",
            "reportedCurrency": "USD",
            "grossProfit": "843000000",
            "totalRevenue": "2996000000",
            "costOfRevenue": "2153000000",
            "costofGoodsAndServicesSold": "2153000000",
            "operatingIncome": "540000000",
            "sellingGeneralAndAdministrative": "210000000",
            "researchAndDevelopment": "1000000",
            "operatingExpenses": "211000000",
            "investmentIncomeNet": "None",
            "netInterestIncome": "-99000000",
            "interestIncome": "70000000",
            "interestExpense": "99000000",
            "nonInterestIncome": "2561000000",
            "otherNonOperatingIncome": "17000000",
            "depreciation": "None",
            "depreciationAndAmortization": "13000000",
            "incomeBeforeTax": "378000000",
            "incomeTaxExpense": "6000000",
            "interestAndDebtExpense": "99000000",
            "netIncomeFromContinuingOperations": "374000000",
            "comprehensiveIncomeNetOfTax": "313000000",
            "ebit": "477000000",
            "ebitda": "490000000",
            "netIncome": "372000000"
        },
        {
            "fiscalDateEnding": "2019-06-30",
            "reportedCurrency": "USD",
            "grossProfit": "620000000",
            "totalRevenue": "2465000000",
            "costOfRevenue": "1845000000",
            "costofGoodsAndServicesSold": "1845000000",
            "operatingIncome": "320000000",
            "sellingGeneralAndAdministrative": "211000000",
            "researchAndDevelopment": "2000000",
            "operatingExpenses": "213000000",
            "investmentIncomeNet": "None",
            "netInterestIncome": "-105000000",
            "interestIncome": "105000000",
            "interestExpense": "105000000",
            "nonInterestIncome": "1745000000",
            "otherNonOperatingIncome": "20000000",
            "depreciation": "None",
            "depreciationAndAmortization": "14000000",
            "incomeBeforeTax": "200000000",
            "incomeTaxExpense": "-1000000",
            "interestAndDebtExpense": "152000000",
            "netIncomeFromContinuingOperations": "188000000",
            "comprehensiveIncomeNetOfTax": "198000000",
            "ebit": "305000000",
            "ebitda": "319000000",
            "netIncome": "201000000"
        },
        {
            "fiscalDateEnding": "2019-03-31",
            "reportedCurrency": "USD",
            "grossProfit": "514000000",
            "totalRevenue": "2165000000",
            "costOfRevenue": "1651000000",
            "costofGoodsAndServicesSold": "1651000000",
            "operatingIncome": "221000000",
            "sellingGeneralAndAdministrative": "194000000",
            "researchAndDevelopment": "2000000",
            "operatingExpenses": "238000000",
            "investmentIncomeNet": "None",
            "netInterestIncome": "-114000000",
            "interestIncome": "135000000",
            "interestExpense": "114000000",
            "nonInterestIncome": "1782000000",
            "otherNonOperatingIncome": "12000000",
            "depreciation": "None",
            "depreciationAndAmortization": "13000000",
            "incomeBeforeTax": "486000000",
            "incomeTaxExpense": "4000000",
            "interestAndDebtExpense": "114000000",
            "netIncomeFromContinuingOperations": "94000000",
            "comprehensiveIncomeNetOfTax": "480000000",
            "ebit": "600000000",
            "ebitda": "613000000",
            "netIncome": "482000000"
        },
        {
            "fiscalDateEnding": "2018-12-31",
            "reportedCurrency": "USD",
            "grossProfit": "396000000",
            "totalRevenue": "1992000000",
            "costOfRevenue": "1596000000",
            "costofGoodsAndServicesSold": "1378000000",
            "operatingIncome": "49000000",
            "sellingGeneralAndAdministrative": "212000000",
            "researchAndDevelopment": "2000000",
            "operatingExpenses": "571000000",
            "investmentIncomeNet": "None",
            "netInterestIncome": "-122000000",
            "interestIncome": "None",
            "interestExpense": "122000000",
            "nonInterestIncome": "2387000000",
            "otherNonOperatingIncome": "6000000",
            "depreciation": "None",
            "depreciationAndAmortization": "117000000",
            "incomeBeforeTax": "-24000000",
            "incomeTaxExpense": "-12000000",
            "interestAndDebtExpense": "144000000",
            "netIncomeFromContinuingOperations": "-82000000",
            "comprehensiveIncomeNetOfTax": "-48000000",
            "ebit": "98000000",
            "ebitda": "215000000",
            "netIncome": "-12000000"
        },
        {
            "fiscalDateEnding": "2018-09-30",
            "reportedCurrency": "USD",
            "grossProfit": "722000000",
            "totalRevenue": "2960000000",
            "costOfRevenue": "2238000000",
            "costofGoodsAndServicesSold": "2307000000",
            "operatingIncome": "398000000",
            "sellingGeneralAndAdministrative": "211000000",
            "researchAndDevelopment": "1000000",
            "operatingExpenses": "199000000",
            "investmentIncomeNet": "None",
            "netInterestIncome": "-121000000",
            "interestIncome": "1000000",
            "interestExpense": "122000000",
            "nonInterestIncome": "2087000000",
            "otherNonOperatingIncome": "19000000",
            "depreciation": "None",
            "depreciationAndAmortization": "14000000",
            "incomeBeforeTax": "-64000000",
            "incomeTaxExpense": "8000000",
            "interestAndDebtExpense": "140000000",
            "netIncomeFromContinuingOperations": "274000000",
            "comprehensiveIncomeNetOfTax": "-73000000",
            "ebit": "58000000",
            "ebitda": "72000000",
            "netIncome": "-72000000"
        },
        {
            "fiscalDateEnding": "2018-06-30",
            "reportedCurrency": "USD",
            "grossProfit": "572000000",
            "totalRevenue": "2461000000",
            "costOfRevenue": "1889000000",
            "costofGoodsAndServicesSold": "2051000000",
            "operatingIncome": "174000000",
            "sellingGeneralAndAdministrative": "200000000",
            "researchAndDevelopment": "3000000",
            "operatingExpenses": "287000000",
            "investmentIncomeNet": "None",
            "netInterestIncome": "-202000000",
            "interestIncome": "-79000000",
            "interestExpense": "123000000",
            "nonInterestIncome": "2230000000",
            "otherNonOperatingIncome": "-23000000",
            "depreciation": "None",
            "depreciationAndAmortization": "11000000",
            "incomeBeforeTax": "77000000",
            "incomeTaxExpense": "5000000",
            "interestAndDebtExpense": "203000000",
            "netIncomeFromContinuingOperations": "27000000",
            "comprehensiveIncomeNetOfTax": "71000000",
            "ebit": "200000000",
            "ebitda": "211000000",
            "netIncome": "72000000"
        },
        {
            "fiscalDateEnding": "2018-03-31",
            "reportedCurrency": "USD",
            "grossProfit": "680000000",
            "totalRevenue": "2065000000",
            "costOfRevenue": "1385000000",
            "costofGoodsAndServicesSold": "1558000000",
            "operatingIncome": "361000000",
            "sellingGeneralAndAdministrative": "176000000",
            "researchAndDevelopment": "5000000",
            "operatingExpenses": "230000000",
            "investmentIncomeNet": "None",
            "netInterestIncome": "-167000000",
            "interestIncome": "-51000000",
            "interestExpense": "116000000",
            "nonInterestIncome": "2267000000",
            "otherNonOperatingIncome": "0",
            "depreciation": "None",
            "depreciationAndAmortization": "13000000",
            "incomeBeforeTax": "285000000",
            "incomeTaxExpense": "6000000",
            "interestAndDebtExpense": "169000000",
            "netIncomeFromContinuingOperations": "245000000",
            "comprehensiveIncomeNetOfTax": "282000000",
            "ebit": "401000000",
            "ebitda": "414000000",
            "netIncome": "279000000"
        }
    ]
}