{
    "symbol": "ORLY",
    "annualReports": [
        {
            "fiscalDateEnding": "2022-12-31",
            "reportedCurrency": "USD",
            "grossProfit": "7381706000",
            "totalRevenue": "14256623000",
            "costOfRevenue": "11467769000",
            "costofGoodsAndServicesSold": "7028154000",
            "operatingIncome": "2954491000",
            "sellingGeneralAndAdministrative": "4427215000",
            "researchAndDevelopment": "None",
            "operatingExpenses": "4446333000",
            "investmentIncomeNet": "None",
            "netInterestIncome": "-163220000",
            "interestIncome": "4763000",
            "interestExpense": "163220000",
            "nonInterestIncome": "14409860000",
            "otherNonOperatingIncome": "-2879000",
            "depreciation": "None",
            "depreciationAndAmortization": "4800000",
            "incomeBeforeTax": "2798655000",
            "incomeTaxExpense": "626005000",
            "interestAndDebtExpense": "163220000",
            "netIncomeFromContinuingOperations": "2172650000",
            "comprehensiveIncomeNetOfTax": "2182445000",
            "ebit": "2954491000",
            "ebitda": "2966675000",
            "netIncome": "2172650000"
        },
        {
            "fiscalDateEnding": "2021-12-31",
            "reportedCurrency": "USD",
            "grossProfit": "7019949000",
            "totalRevenue": "13182337000",
            "costOfRevenue": "10427895000",
            "costofGoodsAndServicesSold": "6307614000",
            "operatingIncome": "2917168000",
            "sellingGeneralAndAdministrative": "4102781000",
            "researchAndDevelopment": "None",
            "operatingExpenses": "4124439000",
            "investmentIncomeNet": "None",
            "netInterestIncome": "-151768000",
            "interestIncome": "1971000",
            "interestExpense": "151768000",
            "nonInterestIncome": "13327563000",
            "otherNonOperatingIncome": "7543000",
            "depreciation": "None",
            "depreciationAndAmortization": "4900000",
            "incomeBeforeTax": "2781914000",
            "incomeTaxExpense": "617229000",
            "interestAndDebtExpense": "151768000",
            "netIncomeFromContinuingOperations": "2164685000",
            "comprehensiveIncomeNetOfTax": "2160041000",
            "ebit": "2917168000",
            "ebitda": "2938582000",
            "netIncome": "2164685000"
        },
        {
            "fiscalDateEnding": "2020-12-31",
            "reportedCurrency": "USD",
            "grossProfit": "6085692000",
            "totalRevenue": "11440448000",
            "costOfRevenue": "9193857000",
            "costofGoodsAndServicesSold": "5518801000",
            "operatingIncome": "2419336000",
            "sellingGeneralAndAdministrative": "3666356000",
            "researchAndDevelopment": "None",
            "operatingExpenses": "3680086000",
            "investmentIncomeNet": "None",
            "netInterestIncome": "-171326000",
            "interestIncome": "2491000",
            "interestExpense": "171326000",
            "nonInterestIncome": "11604493000",
            "otherNonOperatingIncome": "5704000",
            "depreciation": "None",
            "depreciationAndAmortization": "5300000",
            "incomeBeforeTax": "2266405000",
            "incomeTaxExpense": "514103000",
            "interestAndDebtExpense": "171326000",
            "netIncomeFromContinuingOperations": "1752302000",
            "comprehensiveIncomeNetOfTax": "1745257000",
            "ebit": "2419336000",
            "ebitda": "2443031000",
            "netIncome": "1752302000"
        },
        {
            "fiscalDateEnding": "2019-12-31",
            "reportedCurrency": "USD",
            "grossProfit": "5394691000",
            "totalRevenue": "10003667000",
            "costOfRevenue": "8231159000",
            "costofGoodsAndServicesSold": "4755294000",
            "operatingIncome": "1920726000",
            "sellingGeneralAndAdministrative": "3473965000",
            "researchAndDevelopment": "None",
            "operatingExpenses": "3475865000",
            "investmentIncomeNet": "None",
            "netInterestIncome": "-152975000",
            "interestIncome": "2545000",
            "interestExpense": "152975000",
            "nonInterestIncome": "10149985000",
            "otherNonOperatingIncome": "7033000",
            "depreciation": "None",
            "depreciationAndAmortization": "300000",
            "incomeBeforeTax": "1790329000",
            "incomeTaxExpense": "399287000",
            "interestAndDebtExpense": "152975000",
            "netIncomeFromContinuingOperations": "1391042000",
            "comprehensiveIncomeNetOfTax": "1395932000",
            "ebit": "1920726000",
            "ebitda": "1943604000",
            "netIncome": "1391042000"
        },
        {
            "fiscalDateEnding": "2018-12-31",
            "reportedCurrency": "USD",
            "grossProfit": "5039966000",
            "totalRevenue": "9407720000",
            "costOfRevenue": "7734044000",
            "costofGoodsAndServicesSold": "4496462000",
            "operatingIncome": "1815184000",
            "sellingGeneralAndAdministrative": "3224782000",
            "researchAndDevelopment": "None",
            "operatingExpenses": "3237582000",
            "investmentIncomeNet": "None",
            "netInterestIncome": "-131229000",
            "interestIncome": "2521000",
            "interestExpense": "131229000",
            "nonInterestIncome": "9536428000",
            "otherNonOperatingIncome": "-1489000",
            "depreciation": "None",
            "depreciationAndAmortization": "1400000",
            "incomeBeforeTax": "1694087000",
            "incomeTaxExpense": "369600000",
            "interestAndDebtExpense": "131229000",
            "netIncomeFromContinuingOperations": "1324487000",
            "comprehensiveIncomeNetOfTax": "1324487000",
            "ebit": "1815184000",
            "ebitda": "1826716000",
            "netIncome": "1324487000"
        }
    ],
    "quarterlyReports": [
        {
            "fiscalDateEnding": "2022-12-31",
            "reportedCurrency": "USD",
            "grossProfit": "1853954000",
            "totalRevenue": "3644493000",
            "costOfRevenue": "2974676000",
            "costofGoodsAndServicesSold": "1790539000",
            "operatingIncome": "682217000",
            "sellingGeneralAndAdministrative": "1171737000",
            "researchAndDevelopment": "None",
            "operatingExpenses": "1190855000",
            "investmentIncomeNet": "None",
            "netInterestIncome": "-47831000",
            "interestIncome": "2136000",
            "interestExpense": "47831000",
            "nonInterestIncome": "3644493000",
            "otherNonOperatingIncome": "4225000",
            "depreciation": "None",
            "depreciationAndAmortization": "106246000",
            "incomeBeforeTax": "646247000",
            "incomeTaxExpense": "117675000",
            "interestAndDebtExpense": "47831000",
            "netIncomeFromContinuingOperations": "682217000",
            "comprehensiveIncomeNetOfTax": "535551000",
            "ebit": "682217000",
            "ebitda": "788463000",
            "netIncome": "528572000"
        },
        {
            "fiscalDateEnding": "2022-09-30",
            "reportedCurrency": "USD",
            "grossProfit": "1934962000",
            "totalRevenue": "3758443000",
            "costOfRevenue": "2994425000",
            "costofGoodsAndServicesSold": "1863657000",
            "operatingIncome": "804194000",
            "sellingGeneralAndAdministrative": "1130768000",
            "researchAndDevelopment": "None",
            "operatingExpenses": "1130768000",
            "investmentIncomeNet": "None",
            "netInterestIncome": "-43164000",
            "interestIncome": "1435000",
            "interestExpense": "43164000",
            "nonInterestIncome": "3798619000",
            "otherNonOperatingIncome": "-616000",
            "depreciation": "None",
            "depreciationAndAmortization": "90822000",
            "incomeBeforeTax": "761849000",
            "incomeTaxExpense": "176411000",
            "interestAndDebtExpense": "43164000",
            "netIncomeFromContinuingOperations": "585438000",
            "comprehensiveIncomeNetOfTax": "585066000",
            "ebit": "804194000",
            "ebitda": "895016000",
            "netIncome": "585438000"
        },
        {
            "fiscalDateEnding": "2022-06-30",
            "reportedCurrency": "USD",
            "grossProfit": "1884718000",
            "totalRevenue": "3635312000",
            "costOfRevenue": "2872187000",
            "costofGoodsAndServicesSold": "1786019000",
            "operatingIncome": "798550000",
            "sellingGeneralAndAdministrative": "1086168000",
            "researchAndDevelopment": "None",
            "operatingExpenses": "1086168000",
            "investmentIncomeNet": "None",
            "netInterestIncome": "-37384000",
            "interestIncome": "682000",
            "interestExpense": "37384000",
            "nonInterestIncome": "3670737000",
            "otherNonOperatingIncome": "-4550000",
            "depreciation": "None",
            "depreciationAndAmortization": "81254000",
            "incomeBeforeTax": "757298000",
            "incomeTaxExpense": "180538000",
            "interestAndDebtExpense": "37384000",
            "netIncomeFromContinuingOperations": "576760000",
            "comprehensiveIncomeNetOfTax": "574885000",
            "ebit": "798550000",
            "ebitda": "879804000",
            "netIncome": "576760000"
        },
        {
            "fiscalDateEnding": "2022-03-31",
            "reportedCurrency": "USD",
            "grossProfit": "1708072000",
            "totalRevenue": "3262825000",
            "costOfRevenue": "2626481000",
            "costofGoodsAndServicesSold": "1587939000",
            "operatingIncome": "669530000",
            "sellingGeneralAndAdministrative": "1038542000",
            "researchAndDevelopment": "None",
            "operatingExpenses": "1038542000",
            "investmentIncomeNet": "None",
            "netInterestIncome": "-34841000",
            "interestIncome": "510000",
            "interestExpense": "34841000",
            "nonInterestIncome": "3296011000",
            "otherNonOperatingIncome": "-1938000",
            "depreciation": "None",
            "depreciationAndAmortization": "81495000",
            "incomeBeforeTax": "633261000",
            "incomeTaxExpense": "151381000",
            "interestAndDebtExpense": "34841000",
            "netIncomeFromContinuingOperations": "481880000",
            "comprehensiveIncomeNetOfTax": "486943000",
            "ebit": "669530000",
            "ebitda": "751025000",
            "netIncome": "481880000"
        },
        {
            "fiscalDateEnding": "2021-12-31",
            "reportedCurrency": "USD",
            "grossProfit": "1734536000",
            "totalRevenue": "3291493000",
            "costOfRevenue": "2633112000",
            "costofGoodsAndServicesSold": "1556957000",
            "operatingIncome": "675881000",
            "sellingGeneralAndAdministrative": "1058655000",
            "researchAndDevelopment": "None",
            "operatingExpenses": "1077373000",
            "investmentIncomeNet": "None",
            "netInterestIncome": "-41732000",
            "interestIncome": "493000",
            "interestExpense": "41732000",
            "nonInterestIncome": "3291493000",
            "otherNonOperatingIncome": "2582000",
            "depreciation": "None",
            "depreciationAndAmortization": "90563000",
            "incomeBeforeTax": "644224000",
            "incomeTaxExpense": "125251000",
            "interestAndDebtExpense": "41732000",
            "netIncomeFromContinuingOperations": "675881000",
            "comprehensiveIncomeNetOfTax": "520002000",
            "ebit": "675881000",
            "ebitda": "769519000",
            "netIncome": "518973000"
        },
        {
            "fiscalDateEnding": "2021-09-30",
            "reportedCurrency": "USD",
            "grossProfit": "1818240000",
            "totalRevenue": "3446359000",
            "costOfRevenue": "2724971000",
            "costofGoodsAndServicesSold": "1661330000",
            "operatingIncome": "754599000",
            "sellingGeneralAndAdministrative": "1063641000",
            "researchAndDevelopment": "None",
            "operatingExpenses": "1063641000",
            "investmentIncomeNet": "None",
            "netInterestIncome": "-34873000",
            "interestIncome": "485000",
            "interestExpense": "34873000",
            "nonInterestIncome": "3479570000",
            "otherNonOperatingIncome": "318000",
            "depreciation": "None",
            "depreciationAndAmortization": "78737000",
            "incomeBeforeTax": "720529000",
            "incomeTaxExpense": "161877000",
            "interestAndDebtExpense": "34873000",
            "netIncomeFromContinuingOperations": "558652000",
            "comprehensiveIncomeNetOfTax": "553415000",
            "ebit": "754599000",
            "ebitda": "834139000",
            "netIncome": "558652000"
        },
        {
            "fiscalDateEnding": "2021-06-30",
            "reportedCurrency": "USD",
            "grossProfit": "1826378000",
            "totalRevenue": "3429585000",
            "costOfRevenue": "2670018000",
            "costofGoodsAndServicesSold": "1639223000",
            "operatingIncome": "795583000",
            "sellingGeneralAndAdministrative": "1030795000",
            "researchAndDevelopment": "None",
            "operatingExpenses": "1030795000",
            "investmentIncomeNet": "None",
            "netInterestIncome": "-37657000",
            "interestIncome": "456000",
            "interestExpense": "37657000",
            "nonInterestIncome": "3465601000",
            "otherNonOperatingIncome": "2952000",
            "depreciation": "None",
            "depreciationAndAmortization": "79160000",
            "incomeBeforeTax": "761334000",
            "incomeTaxExpense": "175883000",
            "interestAndDebtExpense": "37657000",
            "netIncomeFromContinuingOperations": "585451000",
            "comprehensiveIncomeNetOfTax": "589158000",
            "ebit": "795583000",
            "ebitda": "878151000",
            "netIncome": "585451000"
        },
        {
            "fiscalDateEnding": "2021-03-31",
            "reportedCurrency": "USD",
            "grossProfit": "1640795000",
            "totalRevenue": "3055128000",
            "costOfRevenue": "2399794000",
            "costofGoodsAndServicesSold": "1450104000",
            "operatingIncome": "691105000",
            "sellingGeneralAndAdministrative": "949690000",
            "researchAndDevelopment": "None",
            "operatingExpenses": "950949000",
            "investmentIncomeNet": "None",
            "netInterestIncome": "-37506000",
            "interestIncome": "537000",
            "interestExpense": "37506000",
            "nonInterestIncome": "3090899000",
            "otherNonOperatingIncome": "1691000",
            "depreciation": "None",
            "depreciationAndAmortization": "79757000",
            "incomeBeforeTax": "655827000",
            "incomeTaxExpense": "154218000",
            "interestAndDebtExpense": "37506000",
            "netIncomeFromContinuingOperations": "501609000",
            "comprehensiveIncomeNetOfTax": "497466000",
            "ebit": "691105000",
            "ebitda": "773090000",
            "netIncome": "501609000"
        },
        {
            "fiscalDateEnding": "2020-12-31",
            "reportedCurrency": "USD",
            "grossProfit": "1472138000",
            "totalRevenue": "2828773000",
            "costOfRevenue": "2303201000",
            "costofGoodsAndServicesSold": "1356635000",
            "operatingIncome": "534272000",
            "sellingGeneralAndAdministrative": "937866000",
            "researchAndDevelopment": "None",
            "operatingExpenses": "947639000",
            "investmentIncomeNet": "None",
            "netInterestIncome": "-48549000",
            "interestIncome": "599000",
            "interestExpense": "48549000",
            "nonInterestIncome": "2828773000",
            "otherNonOperatingIncome": "3407000",
            "depreciation": "None",
            "depreciationAndAmortization": "83125000",
            "incomeBeforeTax": "499929000",
            "incomeTaxExpense": "106984000",
            "interestAndDebtExpense": "48549000",
            "netIncomeFromContinuingOperations": "534272000",
            "comprehensiveIncomeNetOfTax": "407825000",
            "ebit": "534272000",
            "ebitda": "621403000",
            "netIncome": "392945000"
        },
        {
            "fiscalDateEnding": "2020-09-30",
            "reportedCurrency": "USD",
            "grossProfit": "1680468000",
            "totalRevenue": "3167787000",
            "costOfRevenue": "2482625000",
            "costofGoodsAndServicesSold": "1527170000",
            "operatingIncome": "725013000",
            "sellingGeneralAndAdministrative": "955455000",
            "researchAndDevelopment": "None",
            "operatingExpenses": "955455000",
            "investmentIncomeNet": "None",
            "netInterestIncome": "-41668000",
            "interestIncome": "582000",
            "interestExpense": "41668000",
            "nonInterestIncome": "3207638000",
            "otherNonOperatingIncome": "2479000",
            "depreciation": "None",
            "depreciationAndAmortization": "79637000",
            "incomeBeforeTax": "686406000",
            "incomeTaxExpense": "159154000",
            "interestAndDebtExpense": "41668000",
            "netIncomeFromContinuingOperations": "527252000",
            "comprehensiveIncomeNetOfTax": "532328000",
            "ebit": "725013000",
            "ebitda": "807711000",
            "netIncome": "527252000"
        },
        {
            "fiscalDateEnding": "2020-06-30",
            "reportedCurrency": "USD",
            "grossProfit": "1637180000",
            "totalRevenue": "3051694000",
            "costOfRevenue": "2355105000",
            "costofGoodsAndServicesSold": "1454415000",
            "operatingIncome": "736490000",
            "sellingGeneralAndAdministrative": "900690000",
            "researchAndDevelopment": "None",
            "operatingExpenses": "900690000",
            "investmentIncomeNet": "None",
            "netInterestIncome": "-41723000",
            "interestIncome": "635000",
            "interestExpense": "41723000",
            "nonInterestIncome": "3091595000",
            "otherNonOperatingIncome": "5008000",
            "depreciation": "None",
            "depreciationAndAmortization": "77910000",
            "incomeBeforeTax": "700410000",
            "incomeTaxExpense": "168743000",
            "interestAndDebtExpense": "41723000",
            "netIncomeFromContinuingOperations": "531667000",
            "comprehensiveIncomeNetOfTax": "535312000",
            "ebit": "736490000",
            "ebitda": "820043000",
            "netIncome": "531667000"
        },
        {
            "fiscalDateEnding": "2020-03-31",
            "reportedCurrency": "USD",
            "grossProfit": "1295906000",
            "totalRevenue": "2438951000",
            "costOfRevenue": "2052926000",
            "costofGoodsAndServicesSold": "1180581000",
            "operatingIncome": "423561000",
            "sellingGeneralAndAdministrative": "872345000",
            "researchAndDevelopment": "None",
            "operatingExpenses": "874667000",
            "investmentIncomeNet": "None",
            "netInterestIncome": "-39386000",
            "interestIncome": "675000",
            "interestExpense": "39386000",
            "nonInterestIncome": "2476487000",
            "otherNonOperatingIncome": "-5190000",
            "depreciation": "None",
            "depreciationAndAmortization": "73963000",
            "incomeBeforeTax": "379660000",
            "incomeTaxExpense": "79222000",
            "interestAndDebtExpense": "39386000",
            "netIncomeFromContinuingOperations": "300438000",
            "comprehensiveIncomeNetOfTax": "269792000",
            "ebit": "423561000",
            "ebitda": "493009000",
            "netIncome": "300438000"
        },
        {
            "fiscalDateEnding": "2019-12-31",
            "reportedCurrency": "USD",
            "grossProfit": "1324584000",
            "totalRevenue": "2482975000",
            "costOfRevenue": "2043372000",
            "costofGoodsAndServicesSold": "1158391000",
            "operatingIncome": "441503000",
            "sellingGeneralAndAdministrative": "883081000",
            "researchAndDevelopment": "None",
            "operatingExpenses": "884981000",
            "investmentIncomeNet": "None",
            "netInterestIncome": "-48288000",
            "interestIncome": "732000",
            "interestExpense": "48288000",
            "nonInterestIncome": "2482975000",
            "otherNonOperatingIncome": "2366000",
            "depreciation": "None",
            "depreciationAndAmortization": "70493000",
            "incomeBeforeTax": "409313000",
            "incomeTaxExpense": "84397000",
            "interestAndDebtExpense": "48288000",
            "netIncomeFromContinuingOperations": "441503000",
            "comprehensiveIncomeNetOfTax": "329806000",
            "ebit": "441503000",
            "ebitda": "515094000",
            "netIncome": "324916000"
        },
        {
            "fiscalDateEnding": "2019-09-30",
            "reportedCurrency": "USD",
            "grossProfit": "1422530000",
            "totalRevenue": "2632388000",
            "costOfRevenue": "2130165000",
            "costofGoodsAndServicesSold": "1243998000",
            "operatingIncome": "536363000",
            "sellingGeneralAndAdministrative": "886167000",
            "researchAndDevelopment": "None",
            "operatingExpenses": "886167000",
            "investmentIncomeNet": "None",
            "netInterestIncome": "-35858000",
            "interestIncome": "656000",
            "interestExpense": "35858000",
            "nonInterestIncome": "2666528000",
            "otherNonOperatingIncome": "732000",
            "depreciation": "None",
            "depreciationAndAmortization": "68107000",
            "incomeBeforeTax": "501893000",
            "incomeTaxExpense": "110600000",
            "interestAndDebtExpense": "35858000",
            "netIncomeFromContinuingOperations": "391293000",
            "comprehensiveIncomeNetOfTax": "391293000",
            "ebit": "536363000",
            "ebitda": "605858000",
            "netIncome": "391293000"
        },
        {
            "fiscalDateEnding": "2019-06-30",
            "reportedCurrency": "USD",
            "grossProfit": "1368287000",
            "totalRevenue": "2556915000",
            "costOfRevenue": "2091800000",
            "costofGoodsAndServicesSold": "1221587000",
            "operatingIncome": "498074000",
            "sellingGeneralAndAdministrative": "870213000",
            "researchAndDevelopment": "None",
            "operatingExpenses": "870213000",
            "investmentIncomeNet": "None",
            "netInterestIncome": "-34538000",
            "interestIncome": "603000",
            "interestExpense": "34538000",
            "nonInterestIncome": "2589874000",
            "otherNonOperatingIncome": "832000",
            "depreciation": "None",
            "depreciationAndAmortization": "68311000",
            "incomeBeforeTax": "464971000",
            "incomeTaxExpense": "111290000",
            "interestAndDebtExpense": "34538000",
            "netIncomeFromContinuingOperations": "353681000",
            "comprehensiveIncomeNetOfTax": "353681000",
            "ebit": "498074000",
            "ebitda": "567820000",
            "netIncome": "353681000"
        },
        {
            "fiscalDateEnding": "2019-03-31",
            "reportedCurrency": "USD",
            "grossProfit": "1279290000",
            "totalRevenue": "2376871000",
            "costOfRevenue": "1965822000",
            "costofGoodsAndServicesSold": "1131318000",
            "operatingIncome": "444786000",
            "sellingGeneralAndAdministrative": "834504000",
            "researchAndDevelopment": "None",
            "operatingExpenses": "834504000",
            "investmentIncomeNet": "None",
            "netInterestIncome": "-34291000",
            "interestIncome": "33637000",
            "interestExpense": "34291000",
            "nonInterestIncome": "2410608000",
            "otherNonOperatingIncome": "3103000",
            "depreciation": "None",
            "depreciationAndAmortization": "63964000",
            "incomeBeforeTax": "414152000",
            "incomeTaxExpense": "93000000",
            "interestAndDebtExpense": "34291000",
            "netIncomeFromContinuingOperations": "321152000",
            "comprehensiveIncomeNetOfTax": "321152000",
            "ebit": "444786000",
            "ebitda": "512407000",
            "netIncome": "321152000"
        },
        {
            "fiscalDateEnding": "2018-12-31",
            "reportedCurrency": "USD",
            "grossProfit": "1234315000",
            "totalRevenue": "2314957000",
            "costOfRevenue": "1899717000",
            "costofGoodsAndServicesSold": "1080642000",
            "operatingIncome": "428040000",
            "sellingGeneralAndAdministrative": "806275000",
            "researchAndDevelopment": "None",
            "operatingExpenses": "819075000",
            "investmentIncomeNet": "None",
            "netInterestIncome": "-40568000",
            "interestIncome": "None",
            "interestExpense": "40568000",
            "nonInterestIncome": "2314957000",
            "otherNonOperatingIncome": "-4098000",
            "depreciation": "None",
            "depreciationAndAmortization": "65619000",
            "incomeBeforeTax": "393157000",
            "incomeTaxExpense": "92800000",
            "interestAndDebtExpense": "40568000",
            "netIncomeFromContinuingOperations": "428040000",
            "comprehensiveIncomeNetOfTax": "300357000",
            "ebit": "428040000",
            "ebitda": "490244000",
            "netIncome": "300357000"
        },
        {
            "fiscalDateEnding": "2018-09-30",
            "reportedCurrency": "USD",
            "grossProfit": "1315755000",
            "totalRevenue": "2451804000",
            "costOfRevenue": "1997569000",
            "costofGoodsAndServicesSold": "1166962000",
            "operatingIncome": "485148000",
            "sellingGeneralAndAdministrative": "830607000",
            "researchAndDevelopment": "None",
            "operatingExpenses": "830607000",
            "investmentIncomeNet": "None",
            "netInterestIncome": "-31582000",
            "interestIncome": "None",
            "interestExpense": "31582000",
            "nonInterestIncome": "2482717000",
            "otherNonOperatingIncome": "1416000",
            "depreciation": "None",
            "depreciationAndAmortization": "62526000",
            "incomeBeforeTax": "455651000",
            "incomeTaxExpense": "89500000",
            "interestAndDebtExpense": "31582000",
            "netIncomeFromContinuingOperations": "366151000",
            "comprehensiveIncomeNetOfTax": "366151000",
            "ebit": "485148000",
            "ebitda": "549759000",
            "netIncome": "366151000"
        },
        {
            "fiscalDateEnding": "2018-06-30",
            "reportedCurrency": "USD",
            "grossProfit": "1288638000",
            "totalRevenue": "2425808000",
            "costOfRevenue": "1976923000",
            "costofGoodsAndServicesSold": "1167435000",
            "operatingIncome": "479150000",
            "sellingGeneralAndAdministrative": "809488000",
            "researchAndDevelopment": "None",
            "operatingExpenses": "809488000",
            "investmentIncomeNet": "None",
            "netInterestIncome": "-30862000",
            "interestIncome": "None",
            "interestExpense": "30862000",
            "nonInterestIncome": "2456073000",
            "otherNonOperatingIncome": "988000",
            "depreciation": "None",
            "depreciationAndAmortization": "60872000",
            "incomeBeforeTax": "449873000",
            "incomeTaxExpense": "96800000",
            "interestAndDebtExpense": "30862000",
            "netIncomeFromContinuingOperations": "353073000",
            "comprehensiveIncomeNetOfTax": "353073000",
            "ebit": "479150000",
            "ebitda": "541607000",
            "netIncome": "353073000"
        },
        {
            "fiscalDateEnding": "2018-03-31",
            "reportedCurrency": "USD",
            "grossProfit": "1201258000",
            "totalRevenue": "2255036000",
            "costOfRevenue": "1859835000",
            "costofGoodsAndServicesSold": "1081423000",
            "operatingIncome": "422846000",
            "sellingGeneralAndAdministrative": "778412000",
            "researchAndDevelopment": "None",
            "operatingExpenses": "778412000",
            "investmentIncomeNet": "None",
            "netInterestIncome": "-28217000",
            "interestIncome": "None",
            "interestExpense": "28217000",
            "nonInterestIncome": "2282681000",
            "otherNonOperatingIncome": "205000",
            "depreciation": "None",
            "depreciationAndAmortization": "69920000",
            "incomeBeforeTax": "395406000",
            "incomeTaxExpense": "90500000",
            "interestAndDebtExpense": "28217000",
            "netIncomeFromContinuingOperations": "304906000",
            "comprehensiveIncomeNetOfTax": "304906000",
            "ebit": "422846000",
            "ebitda": "493543000",
            "netIncome": "304906000"
        }
    ]
}