{
    "symbol": "SPG",
    "annualReports": [
        {
            "fiscalDateEnding": "2022-12-31",
            "reportedCurrency": "USD",
            "grossProfit": "3363582000",
            "totalRevenue": "5291447000",
            "costOfRevenue": "1927865000",
            "costofGoodsAndServicesSold": "557730000",
            "operatingIncome": "2583553000",
            "sellingGeneralAndAdministrative": "142764000",
            "researchAndDevelopment": "None",
            "operatingExpenses": "1522348000",
            "investmentIncomeNet": "None",
            "netInterestIncome": "-761253000",
            "interestIncome": "53303000",
            "interestExpense": "761253000",
            "nonInterestIncome": "None",
            "otherNonOperatingIncome": "647977000",
            "depreciation": "None",
            "depreciationAndAmortization": "1227371000",
            "incomeBeforeTax": "2136198000",
            "incomeTaxExpense": "83512000",
            "interestAndDebtExpense": "761253000",
            "netIncomeFromContinuingOperations": "3231530000",
            "comprehensiveIncomeNetOfTax": "2159848000",
            "ebit": "2583553000",
            "ebitda": "3810924000",
            "netIncome": "2139535000"
        },
        {
            "fiscalDateEnding": "2021-12-31",
            "reportedCurrency": "USD",
            "grossProfit": "3197321000",
            "totalRevenue": "5116789000",
            "costOfRevenue": "1919468000",
            "costofGoodsAndServicesSold": "512111000",
            "operatingIncome": "2413190000",
            "sellingGeneralAndAdministrative": "144642000",
            "researchAndDevelopment": "None",
            "operatingExpenses": "1547875000",
            "investmentIncomeNet": "None",
            "netInterestIncome": "-795712000",
            "interestIncome": "157702000",
            "interestExpense": "795712000",
            "nonInterestIncome": "-51841000",
            "otherNonOperatingIncome": "730996000",
            "depreciation": "None",
            "depreciationAndAmortization": "1262715000",
            "incomeBeforeTax": "2725906000",
            "incomeTaxExpense": "157199000",
            "interestAndDebtExpense": "847553000",
            "netIncomeFromContinuingOperations": "3187932000",
            "comprehensiveIncomeNetOfTax": "2253121000",
            "ebit": "2413190000",
            "ebitda": "3675905000",
            "netIncome": "2249631000"
        },
        {
            "fiscalDateEnding": "2020-12-31",
            "reportedCurrency": "USD",
            "grossProfit": "2738298000",
            "totalRevenue": "4607503000",
            "costOfRevenue": "1869205000",
            "costofGoodsAndServicesSold": "430012000",
            "operatingIncome": "1971809000",
            "sellingGeneralAndAdministrative": "121185000",
            "researchAndDevelopment": "None",
            "operatingExpenses": "1576872000",
            "investmentIncomeNet": "None",
            "netInterestIncome": "-784400000",
            "interestIncome": "584162000",
            "interestExpense": "784400000",
            "nonInterestIncome": "None",
            "otherNonOperatingIncome": "219870000",
            "depreciation": "None",
            "depreciationAndAmortization": "1318008000",
            "incomeBeforeTax": "1272687000",
            "incomeTaxExpense": "-4637000",
            "interestAndDebtExpense": "784400000",
            "netIncomeFromContinuingOperations": "2172047000",
            "comprehensiveIncomeNetOfTax": "1042492000",
            "ebit": "1971809000",
            "ebitda": "3289817000",
            "netIncome": "1112564000"
        },
        {
            "fiscalDateEnding": "2019-12-31",
            "reportedCurrency": "USD",
            "grossProfit": "4128987000",
            "totalRevenue": "5755189000",
            "costOfRevenue": "1626202000",
            "costofGoodsAndServicesSold": "100495000",
            "operatingIncome": "2912787000",
            "sellingGeneralAndAdministrative": "185204000",
            "researchAndDevelopment": "None",
            "operatingExpenses": "1635605000",
            "investmentIncomeNet": "None",
            "netInterestIncome": "-789353000",
            "interestIncome": "353216000",
            "interestExpense": "789353000",
            "nonInterestIncome": "-116256000",
            "otherNonOperatingIncome": "328093000",
            "depreciation": "None",
            "depreciationAndAmortization": "1340503000",
            "incomeBeforeTax": "2453242000",
            "incomeTaxExpense": "30054000",
            "interestAndDebtExpense": "905609000",
            "netIncomeFromContinuingOperations": "3343968000",
            "comprehensiveIncomeNetOfTax": "2108997000",
            "ebit": "2912787000",
            "ebitda": "4253290000",
            "netIncome": "2101584000"
        },
        {
            "fiscalDateEnding": "2018-12-31",
            "reportedCurrency": "USD",
            "grossProfit": "4065462000",
            "totalRevenue": "5645288000",
            "costOfRevenue": "1592457000",
            "costofGoodsAndServicesSold": "99588000",
            "operatingIncome": "2926299000",
            "sellingGeneralAndAdministrative": "197784000",
            "researchAndDevelopment": "None",
            "operatingExpenses": "1589560000",
            "investmentIncomeNet": "None",
            "netInterestIncome": "-815923000",
            "interestIncome": "355885000",
            "interestExpense": "815923000",
            "nonInterestIncome": "3650711000",
            "otherNonOperatingIncome": "475250000",
            "depreciation": "None",
            "depreciationAndAmortization": "1282454000",
            "incomeBeforeTax": "2859241000",
            "incomeTaxExpense": "36898000",
            "interestAndDebtExpense": "815923000",
            "netIncomeFromContinuingOperations": "3386337000",
            "comprehensiveIncomeNetOfTax": "2424494000",
            "ebit": "2926299000",
            "ebitda": "4208753000",
            "netIncome": "2440058000"
        }
    ],
    "quarterlyReports": [
        {
            "fiscalDateEnding": "2022-12-31",
            "reportedCurrency": "USD",
            "grossProfit": "1399898000",
            "totalRevenue": "1399898000",
            "costOfRevenue": "519347000",
            "costofGoodsAndServicesSold": "156808000",
            "operatingIncome": "684205000",
            "sellingGeneralAndAdministrative": "45358000",
            "researchAndDevelopment": "None",
            "operatingExpenses": "408103000",
            "investmentIncomeNet": "None",
            "netInterestIncome": "-200900000",
            "interestIncome": "136119000",
            "interestExpense": "200900000",
            "nonInterestIncome": "None",
            "otherNonOperatingIncome": "213634000",
            "depreciation": "None",
            "depreciationAndAmortization": "317181000",
            "incomeBeforeTax": "673786000",
            "incomeTaxExpense": "52344000",
            "interestAndDebtExpense": "200900000",
            "netIncomeFromContinuingOperations": "684205000",
            "comprehensiveIncomeNetOfTax": "670295000",
            "ebit": "684205000",
            "ebitda": "1001386000",
            "netIncome": "772748000"
        },
        {
            "fiscalDateEnding": "2022-09-30",
            "reportedCurrency": "USD",
            "grossProfit": "836649000",
            "totalRevenue": "1315786000",
            "costOfRevenue": "479137000",
            "costofGoodsAndServicesSold": "142497000",
            "operatingIncome": "652196000",
            "sellingGeneralAndAdministrative": "34886000",
            "researchAndDevelopment": "None",
            "operatingExpenses": "367450000",
            "investmentIncomeNet": "None",
            "netInterestIncome": "-187878000",
            "interestIncome": "39355000",
            "interestExpense": "187878000",
            "nonInterestIncome": "None",
            "otherNonOperatingIncome": "163086000",
            "depreciation": "None",
            "depreciationAndAmortization": "301754000",
            "incomeBeforeTax": "630103000",
            "incomeTaxExpense": "8256000",
            "interestAndDebtExpense": "187878000",
            "netIncomeFromContinuingOperations": "815282000",
            "comprehensiveIncomeNetOfTax": "547218000",
            "ebit": "652196000",
            "ebitda": "953950000",
            "netIncome": "539872000"
        },
        {
            "fiscalDateEnding": "2022-06-30",
            "reportedCurrency": "USD",
            "grossProfit": "819687000",
            "totalRevenue": "1279842000",
            "costOfRevenue": "460155000",
            "costofGoodsAndServicesSold": "132458000",
            "operatingIncome": "626761000",
            "sellingGeneralAndAdministrative": "29424000",
            "researchAndDevelopment": "None",
            "operatingExpenses": "361118000",
            "investmentIncomeNet": "None",
            "netInterestIncome": "-187316000",
            "interestIncome": "15060000",
            "interestExpense": "187316000",
            "nonInterestIncome": "None",
            "otherNonOperatingIncome": "190073000",
            "depreciation": "None",
            "depreciationAndAmortization": "298273000",
            "incomeBeforeTax": "593826000",
            "incomeTaxExpense": "24346000",
            "interestAndDebtExpense": "187316000",
            "netIncomeFromContinuingOperations": "816834000",
            "comprehensiveIncomeNetOfTax": "499777000",
            "ebit": "626761000",
            "ebitda": "925034000",
            "netIncome": "497577000"
        },
        {
            "fiscalDateEnding": "2022-03-31",
            "reportedCurrency": "USD",
            "grossProfit": "826695000",
            "totalRevenue": "1295922000",
            "costOfRevenue": "469227000",
            "costofGoodsAndServicesSold": "125968000",
            "operatingIncome": "620391000",
            "sellingGeneralAndAdministrative": "33096000",
            "researchAndDevelopment": "None",
            "operatingExpenses": "385675000",
            "investmentIncomeNet": "None",
            "netInterestIncome": "-185159000",
            "interestIncome": "135007000",
            "interestExpense": "185159000",
            "nonInterestIncome": "None",
            "otherNonOperatingIncome": "81184000",
            "depreciation": "None",
            "depreciationAndAmortization": "310163000",
            "incomeBeforeTax": "486875000",
            "incomeTaxExpense": "-1435000",
            "interestAndDebtExpense": "185159000",
            "netIncomeFromContinuingOperations": "670543000",
            "comprehensiveIncomeNetOfTax": "442558000",
            "ebit": "620391000",
            "ebitda": "930554000",
            "netIncome": "427464000"
        },
        {
            "fiscalDateEnding": "2021-12-31",
            "reportedCurrency": "USD",
            "grossProfit": "1326138000",
            "totalRevenue": "1326138000",
            "costOfRevenue": "514819000",
            "costofGoodsAndServicesSold": "158737000",
            "operatingIncome": "591533000",
            "sellingGeneralAndAdministrative": "36218000",
            "researchAndDevelopment": "None",
            "operatingExpenses": "412420000",
            "investmentIncomeNet": "None",
            "netInterestIncome": "-193505000",
            "interestIncome": "46065000",
            "interestExpense": "193505000",
            "nonInterestIncome": "-20289000",
            "otherNonOperatingIncome": "200410000",
            "depreciation": "None",
            "depreciationAndAmortization": "319864000",
            "incomeBeforeTax": "622562000",
            "incomeTaxExpense": "48832000",
            "interestAndDebtExpense": "213794000",
            "netIncomeFromContinuingOperations": "591533000",
            "comprehensiveIncomeNetOfTax": "510163000",
            "ebit": "591533000",
            "ebitda": "911397000",
            "netIncome": "573730000"
        },
        {
            "fiscalDateEnding": "2021-09-30",
            "reportedCurrency": "USD",
            "grossProfit": "809338000",
            "totalRevenue": "1296554000",
            "costOfRevenue": "487216000",
            "costofGoodsAndServicesSold": "130291000",
            "operatingIncome": "612324000",
            "sellingGeneralAndAdministrative": "45544000",
            "researchAndDevelopment": "None",
            "operatingExpenses": "388178000",
            "investmentIncomeNet": "None",
            "netInterestIncome": "-199772000",
            "interestIncome": "153636000",
            "interestExpense": "199772000",
            "nonInterestIncome": "-28593000",
            "otherNonOperatingIncome": "169931000",
            "depreciation": "None",
            "depreciationAndAmortization": "311381000",
            "incomeBeforeTax": "845910000",
            "incomeTaxExpense": "67262000",
            "interestAndDebtExpense": "228365000",
            "netIncomeFromContinuingOperations": "805904000",
            "comprehensiveIncomeNetOfTax": "677803000",
            "ebit": "612324000",
            "ebitda": "923705000",
            "netIncome": "680770000"
        },
        {
            "fiscalDateEnding": "2021-06-30",
            "reportedCurrency": "USD",
            "grossProfit": "796486000",
            "totalRevenue": "1254146000",
            "costOfRevenue": "457660000",
            "costofGoodsAndServicesSold": "115109000",
            "operatingIncome": "604723000",
            "sellingGeneralAndAdministrative": "26819000",
            "researchAndDevelopment": "None",
            "operatingExpenses": "371920000",
            "investmentIncomeNet": "None",
            "netInterestIncome": "-200419000",
            "interestIncome": "148149000",
            "interestExpense": "200419000",
            "nonInterestIncome": "0",
            "otherNonOperatingIncome": "348545000",
            "depreciation": "None",
            "depreciationAndAmortization": "315732000",
            "incomeBeforeTax": "752872000",
            "incomeTaxExpense": "47003000",
            "interestAndDebtExpense": "200419000",
            "netIncomeFromContinuingOperations": "953291000",
            "comprehensiveIncomeNetOfTax": "613651000",
            "ebit": "604723000",
            "ebitda": "920455000",
            "netIncome": "618091000"
        },
        {
            "fiscalDateEnding": "2021-03-31",
            "reportedCurrency": "USD",
            "grossProfit": "780177000",
            "totalRevenue": "1239951000",
            "costOfRevenue": "459774000",
            "costofGoodsAndServicesSold": "107974000",
            "operatingIncome": "604612000",
            "sellingGeneralAndAdministrative": "36062000",
            "researchAndDevelopment": "None",
            "operatingExpenses": "375354000",
            "investmentIncomeNet": "None",
            "netInterestIncome": "-202016000",
            "interestIncome": "190148000",
            "interestExpense": "202016000",
            "nonInterestIncome": "-2959000",
            "otherNonOperatingIncome": "12110000",
            "depreciation": "None",
            "depreciationAndAmortization": "315738000",
            "incomeBeforeTax": "504562000",
            "incomeTaxExpense": "-5898000",
            "interestAndDebtExpense": "204975000",
            "netIncomeFromContinuingOperations": "616480000",
            "comprehensiveIncomeNetOfTax": "451503000",
            "ebit": "604612000",
            "ebitda": "920350000",
            "netIncome": "446694000"
        },
        {
            "fiscalDateEnding": "2020-12-31",
            "reportedCurrency": "USD",
            "grossProfit": "1131429000",
            "totalRevenue": "1131429000",
            "costOfRevenue": "479914000",
            "costofGoodsAndServicesSold": "105051000",
            "operatingIncome": "462047000",
            "sellingGeneralAndAdministrative": "43012000",
            "researchAndDevelopment": "None",
            "operatingExpenses": "413015000",
            "investmentIncomeNet": "None",
            "netInterestIncome": "-197855000",
            "interestIncome": "134101000",
            "interestExpense": "197855000",
            "nonInterestIncome": "None",
            "otherNonOperatingIncome": "63260000",
            "depreciation": "None",
            "depreciationAndAmortization": "331851000",
            "incomeBeforeTax": "311154000",
            "incomeTaxExpense": "-1572000",
            "interestAndDebtExpense": "197855000",
            "netIncomeFromContinuingOperations": "462047000",
            "comprehensiveIncomeNetOfTax": "264109000",
            "ebit": "462047000",
            "ebitda": "793898000",
            "netIncome": "312726000"
        },
        {
            "fiscalDateEnding": "2020-09-30",
            "reportedCurrency": "USD",
            "grossProfit": "543745000",
            "totalRevenue": "1060674000",
            "costOfRevenue": "516929000",
            "costofGoodsAndServicesSold": "110207000",
            "operatingIncome": "404024000",
            "sellingGeneralAndAdministrative": "17767000",
            "researchAndDevelopment": "None",
            "operatingExpenses": "449372000",
            "investmentIncomeNet": "None",
            "netInterestIncome": "-201858000",
            "interestIncome": "141314000",
            "interestExpense": "201858000",
            "nonInterestIncome": "None",
            "otherNonOperatingIncome": "61823000",
            "depreciation": "None",
            "depreciationAndAmortization": "333755000",
            "incomeBeforeTax": "171425000",
            "incomeTaxExpense": "2779000",
            "interestAndDebtExpense": "201858000",
            "netIncomeFromContinuingOperations": "464568000",
            "comprehensiveIncomeNetOfTax": "121418000",
            "ebit": "404024000",
            "ebitda": "737779000",
            "netIncome": "146760000"
        },
        {
            "fiscalDateEnding": "2020-06-30",
            "reportedCurrency": "USD",
            "grossProfit": "633216000",
            "totalRevenue": "1062041000",
            "costOfRevenue": "428825000",
            "costofGoodsAndServicesSold": "84700000",
            "operatingIncome": "450868000",
            "sellingGeneralAndAdministrative": "19985000",
            "researchAndDevelopment": "None",
            "operatingExpenses": "373162000",
            "investmentIncomeNet": "None",
            "netInterestIncome": "-197061000",
            "interestIncome": "152537000",
            "interestExpense": "197061000",
            "nonInterestIncome": "None",
            "otherNonOperatingIncome": "44322000",
            "depreciation": "None",
            "depreciationAndAmortization": "324140000",
            "incomeBeforeTax": "290486000",
            "incomeTaxExpense": "-62000",
            "interestAndDebtExpense": "197061000",
            "netIncomeFromContinuingOperations": "495392000",
            "comprehensiveIncomeNetOfTax": "219222000",
            "ebit": "450868000",
            "ebitda": "775008000",
            "netIncome": "255047000"
        },
        {
            "fiscalDateEnding": "2020-03-31",
            "reportedCurrency": "USD",
            "grossProfit": "960246000",
            "totalRevenue": "1353360000",
            "costOfRevenue": "393114000",
            "costofGoodsAndServicesSold": "24431000",
            "operatingIncome": "654869000",
            "sellingGeneralAndAdministrative": "40421000",
            "researchAndDevelopment": "None",
            "operatingExpenses": "396523000",
            "investmentIncomeNet": "None",
            "netInterestIncome": "-187627000",
            "interestIncome": "156210000",
            "interestExpense": "187627000",
            "nonInterestIncome": "None",
            "otherNonOperatingIncome": "50465000",
            "depreciation": "None",
            "depreciationAndAmortization": "328262000",
            "incomeBeforeTax": "499621000",
            "incomeTaxExpense": "-5783000",
            "interestAndDebtExpense": "187627000",
            "netIncomeFromContinuingOperations": "686286000",
            "comprehensiveIncomeNetOfTax": "437743000",
            "ebit": "654869000",
            "ebitda": "983131000",
            "netIncome": "438439000"
        },
        {
            "fiscalDateEnding": "2019-12-31",
            "reportedCurrency": "USD",
            "grossProfit": "1488615000",
            "totalRevenue": "1488615000",
            "costOfRevenue": "399601000",
            "costofGoodsAndServicesSold": "26743000",
            "operatingIncome": "776876000",
            "sellingGeneralAndAdministrative": "48548000",
            "researchAndDevelopment": "None",
            "operatingExpenses": "407438000",
            "investmentIncomeNet": "None",
            "netInterestIncome": "-189812000",
            "interestIncome": "65520000",
            "interestExpense": "189812000",
            "nonInterestIncome": "None",
            "otherNonOperatingIncome": "11401000",
            "depreciation": "None",
            "depreciationAndAmortization": "324310000",
            "incomeBeforeTax": "597161000",
            "incomeTaxExpense": "6745000",
            "interestAndDebtExpense": "306068000",
            "netIncomeFromContinuingOperations": "776876000",
            "comprehensiveIncomeNetOfTax": "514020000",
            "ebit": "776876000",
            "ebitda": "1101186000",
            "netIncome": "590416000"
        },
        {
            "fiscalDateEnding": "2019-09-30",
            "reportedCurrency": "USD",
            "grossProfit": "1013016000",
            "totalRevenue": "1416554000",
            "costOfRevenue": "403538000",
            "costofGoodsAndServicesSold": "23979000",
            "operatingIncome": "705302000",
            "sellingGeneralAndAdministrative": "44615000",
            "researchAndDevelopment": "None",
            "operatingExpenses": "401642000",
            "investmentIncomeNet": "None",
            "netInterestIncome": "-202382000",
            "interestIncome": "80522000",
            "interestExpense": "202382000",
            "nonInterestIncome": "None",
            "otherNonOperatingIncome": "119706000",
            "depreciation": "None",
            "depreciationAndAmortization": "334944000",
            "incomeBeforeTax": "634921000",
            "incomeTaxExpense": "6197000",
            "interestAndDebtExpense": "202382000",
            "netIncomeFromContinuingOperations": "827162000",
            "comprehensiveIncomeNetOfTax": "552236000",
            "ebit": "705302000",
            "ebitda": "1040246000",
            "netIncome": "545088000"
        },
        {
            "fiscalDateEnding": "2019-06-30",
            "reportedCurrency": "USD",
            "grossProfit": "976951000",
            "totalRevenue": "1397186000",
            "costOfRevenue": "420235000",
            "costofGoodsAndServicesSold": "21850000",
            "operatingIncome": "680631000",
            "sellingGeneralAndAdministrative": "45779000",
            "researchAndDevelopment": "None",
            "operatingExpenses": "426205000",
            "investmentIncomeNet": "None",
            "netInterestIncome": "-198425000",
            "interestIncome": "104200000",
            "interestExpense": "198425000",
            "nonInterestIncome": "None",
            "otherNonOperatingIncome": "106542000",
            "depreciation": "None",
            "depreciationAndAmortization": "352606000",
            "incomeBeforeTax": "579112000",
            "incomeTaxExpense": "7010000",
            "interestAndDebtExpense": "198425000",
            "netIncomeFromContinuingOperations": "774856000",
            "comprehensiveIncomeNetOfTax": "488378000",
            "ebit": "680631000",
            "ebitda": "1033237000",
            "netIncome": "496158000"
        },
        {
            "fiscalDateEnding": "2019-03-31",
            "reportedCurrency": "USD",
            "grossProfit": "1050008000",
            "totalRevenue": "1452834000",
            "costOfRevenue": "402826000",
            "costofGoodsAndServicesSold": "27922000",
            "operatingIncome": "745021000",
            "sellingGeneralAndAdministrative": "46261000",
            "researchAndDevelopment": "None",
            "operatingExpenses": "395006000",
            "investmentIncomeNet": "None",
            "netInterestIncome": "-198733000",
            "interestIncome": "108289000",
            "interestExpense": "198733000",
            "nonInterestIncome": "None",
            "otherNonOperatingIncome": "90444000",
            "depreciation": "None",
            "depreciationAndAmortization": "328643000",
            "incomeBeforeTax": "642049000",
            "incomeTaxExpense": "10102000",
            "interestAndDebtExpense": "198733000",
            "netIncomeFromContinuingOperations": "840782000",
            "comprehensiveIncomeNetOfTax": "554366000",
            "ebit": "745021000",
            "ebitda": "1073664000",
            "netIncome": "549309000"
        },
        {
            "fiscalDateEnding": "2018-12-31",
            "reportedCurrency": "USD",
            "grossProfit": "1460743000",
            "totalRevenue": "1462027000",
            "costOfRevenue": "408034000",
            "costofGoodsAndServicesSold": "26081000",
            "operatingIncome": "770512000",
            "sellingGeneralAndAdministrative": "54092000",
            "researchAndDevelopment": "None",
            "operatingExpenses": "423266000",
            "investmentIncomeNet": "None",
            "netInterestIncome": "-204338000",
            "interestIncome": "None",
            "interestExpense": "204338000",
            "nonInterestIncome": "964386000",
            "otherNonOperatingIncome": "149988000",
            "depreciation": "None",
            "depreciationAndAmortization": "329145000",
            "incomeBeforeTax": "843616000",
            "incomeTaxExpense": "10423000",
            "interestAndDebtExpense": "204338000",
            "netIncomeFromContinuingOperations": "754089000",
            "comprehensiveIncomeNetOfTax": "706205000",
            "ebit": "770512000",
            "ebitda": "1099657000",
            "netIncome": "833192000"
        },
        {
            "fiscalDateEnding": "2018-09-30",
            "reportedCurrency": "USD",
            "grossProfit": "1015354000",
            "totalRevenue": "1404021000",
            "costOfRevenue": "393651000",
            "costofGoodsAndServicesSold": "23632000",
            "operatingIncome": "722843000",
            "sellingGeneralAndAdministrative": "48860000",
            "researchAndDevelopment": "None",
            "operatingExpenses": "391948000",
            "investmentIncomeNet": "None",
            "netInterestIncome": "-199469000",
            "interestIncome": "None",
            "interestExpense": "199469000",
            "nonInterestIncome": "904115000",
            "otherNonOperatingIncome": "134408000",
            "depreciation": "None",
            "depreciationAndAmortization": "316175000",
            "incomeBeforeTax": "652330000",
            "incomeTaxExpense": "10118000",
            "interestAndDebtExpense": "199469000",
            "netIncomeFromContinuingOperations": "851799000",
            "comprehensiveIncomeNetOfTax": "553793000",
            "ebit": "722843000",
            "ebitda": "1039018000",
            "netIncome": "557101000"
        },
        {
            "fiscalDateEnding": "2018-06-30",
            "reportedCurrency": "USD",
            "grossProfit": "892315000",
            "totalRevenue": "1385059000",
            "costOfRevenue": "496043000",
            "costofGoodsAndServicesSold": "125142000",
            "operatingIncome": "727983000",
            "sellingGeneralAndAdministrative": "47404000",
            "researchAndDevelopment": "None",
            "operatingExpenses": "378477000",
            "investmentIncomeNet": "None",
            "netInterestIncome": "-206624000",
            "interestIncome": "None",
            "interestExpense": "206624000",
            "nonInterestIncome": "889048000",
            "otherNonOperatingIncome": "100828000",
            "depreciation": "None",
            "depreciationAndAmortization": "320198000",
            "incomeBeforeTax": "641551000",
            "incomeTaxExpense": "10137000",
            "interestAndDebtExpense": "206624000",
            "netIncomeFromContinuingOperations": "838503000",
            "comprehensiveIncomeNetOfTax": "535301000",
            "ebit": "727983000",
            "ebitda": "1048181000",
            "netIncome": "547838000"
        },
        {
            "fiscalDateEnding": "2018-03-31",
            "reportedCurrency": "USD",
            "grossProfit": "888686000",
            "totalRevenue": "1394182000",
            "costOfRevenue": "511128000",
            "costofGoodsAndServicesSold": "141132000",
            "operatingIncome": "704962000",
            "sellingGeneralAndAdministrative": "47428000",
            "researchAndDevelopment": "None",
            "operatingExpenses": "395866000",
            "investmentIncomeNet": "None",
            "netInterestIncome": "-205492000",
            "interestIncome": "None",
            "interestExpense": "205492000",
            "nonInterestIncome": "893162000",
            "otherNonOperatingIncome": "90026000",
            "depreciation": "None",
            "depreciationAndAmortization": "316936000",
            "incomeBeforeTax": "721744000",
            "incomeTaxExpense": "6220000",
            "interestAndDebtExpense": "205492000",
            "netIncomeFromContinuingOperations": "791959000",
            "comprehensiveIncomeNetOfTax": "629194000",
            "ebit": "704962000",
            "ebitda": "1021898000",
            "netIncome": "621488000"
        }
    ]
}