{
    "symbol": "VLO",
    "annualReports": [
        {
            "fiscalDateEnding": "2022-12-31",
            "reportedCurrency": "USD",
            "grossProfit": "16277000000",
            "totalRevenue": "175864000000",
            "costOfRevenue": "159587000000",
            "costofGoodsAndServicesSold": "164781000000",
            "operatingIncome": "15690000000",
            "sellingGeneralAndAdministrative": "934000000",
            "researchAndDevelopment": "None",
            "operatingExpenses": "1106000000",
            "investmentIncomeNet": "None",
            "netInterestIncome": "-562000000",
            "interestIncome": "562000000",
            "interestExpense": "562000000",
            "nonInterestIncome": "176397000000",
            "otherNonOperatingIncome": "179000000",
            "depreciation": "1700000000",
            "depreciationAndAmortization": "45000000",
            "incomeBeforeTax": "14956000000",
            "incomeTaxExpense": "3428000000",
            "interestAndDebtExpense": "548000000",
            "netIncomeFromContinuingOperations": "11879000000",
            "comprehensiveIncomeNetOfTax": "11177000000",
            "ebit": "15518000000",
            "ebitda": "15563000000",
            "netIncome": "11528000000"
        },
        {
            "fiscalDateEnding": "2021-12-31",
            "reportedCurrency": "USD",
            "grossProfit": "2402000000",
            "totalRevenue": "113250000000",
            "costOfRevenue": "110848000000",
            "costofGoodsAndServicesSold": "116493000000",
            "operatingIncome": "2130000000",
            "sellingGeneralAndAdministrative": "865000000",
            "researchAndDevelopment": "None",
            "operatingExpenses": "999000000",
            "investmentIncomeNet": "None",
            "netInterestIncome": "-603000000",
            "interestIncome": "603000000",
            "interestExpense": "603000000",
            "nonInterestIncome": "113846000000",
            "otherNonOperatingIncome": "16000000",
            "depreciation": "1700000000",
            "depreciationAndAmortization": "47000000",
            "incomeBeforeTax": "1185000000",
            "incomeTaxExpense": "255000000",
            "interestAndDebtExpense": "796000000",
            "netIncomeFromContinuingOperations": "1288000000",
            "comprehensiveIncomeNetOfTax": "1176000000",
            "ebit": "1788000000",
            "ebitda": "1835000000",
            "netIncome": "930000000"
        },
        {
            "fiscalDateEnding": "2020-12-31",
            "reportedCurrency": "USD",
            "grossProfit": "-740000000",
            "totalRevenue": "64912000000",
            "costOfRevenue": "65652000000",
            "costofGoodsAndServicesSold": "70449000000",
            "operatingIncome": "-1579000000",
            "sellingGeneralAndAdministrative": "756000000",
            "researchAndDevelopment": "None",
            "operatingExpenses": "839000000",
            "investmentIncomeNet": "None",
            "netInterestIncome": "-563000000",
            "interestIncome": "563000000",
            "interestExpense": "563000000",
            "nonInterestIncome": "64912000000",
            "otherNonOperatingIncome": "132000000",
            "depreciation": "1600000000",
            "depreciationAndAmortization": "48000000",
            "incomeBeforeTax": "-2324000000",
            "incomeTaxExpense": "-903000000",
            "interestAndDebtExpense": "563000000",
            "netIncomeFromContinuingOperations": "-1107000000",
            "comprehensiveIncomeNetOfTax": "-1324000000",
            "ebit": "-1761000000",
            "ebitda": "-1713000000",
            "netIncome": "-1421000000"
        },
        {
            "fiscalDateEnding": "2019-12-31",
            "reportedCurrency": "USD",
            "grossProfit": "4778000000",
            "totalRevenue": "108324000000",
            "costOfRevenue": "103546000000",
            "costofGoodsAndServicesSold": "109141000000",
            "operatingIncome": "3836000000",
            "sellingGeneralAndAdministrative": "868000000",
            "researchAndDevelopment": "None",
            "operatingExpenses": "942000000",
            "investmentIncomeNet": "None",
            "netInterestIncome": "-454000000",
            "interestIncome": "379000000",
            "interestExpense": "454000000",
            "nonInterestIncome": "108324000000",
            "otherNonOperatingIncome": "104000000",
            "depreciation": "1500000000",
            "depreciationAndAmortization": "53000000",
            "incomeBeforeTax": "3124000000",
            "incomeTaxExpense": "702000000",
            "interestAndDebtExpense": "454000000",
            "netIncomeFromContinuingOperations": "2784000000",
            "comprehensiveIncomeNetOfTax": "2578000000",
            "ebit": "3578000000",
            "ebitda": "3631000000",
            "netIncome": "2422000000"
        },
        {
            "fiscalDateEnding": "2018-12-31",
            "reportedCurrency": "USD",
            "grossProfit": "5594000000",
            "totalRevenue": "117033000000",
            "costOfRevenue": "111439000000",
            "costofGoodsAndServicesSold": "117065000000",
            "operatingIncome": "4572000000",
            "sellingGeneralAndAdministrative": "925000000",
            "researchAndDevelopment": "None",
            "operatingExpenses": "1022000000",
            "investmentIncomeNet": "None",
            "netInterestIncome": "-470000000",
            "interestIncome": "470000000",
            "interestExpense": "470000000",
            "nonInterestIncome": "117064000000",
            "otherNonOperatingIncome": "130000000",
            "depreciation": "1400000000",
            "depreciationAndAmortization": "52000000",
            "incomeBeforeTax": "4001000000",
            "incomeTaxExpense": "879000000",
            "interestAndDebtExpense": "470000000",
            "netIncomeFromContinuingOperations": "3353000000",
            "comprehensiveIncomeNetOfTax": "2646000000",
            "ebit": "4471000000",
            "ebitda": "4523000000",
            "netIncome": "3122000000"
        }
    ],
    "quarterlyReports": [
        {
            "fiscalDateEnding": "2023-03-31",
            "reportedCurrency": "USD",
            "grossProfit": "4172000000",
            "totalRevenue": "36304000000",
            "costOfRevenue": "32132000000",
            "costofGoodsAndServicesSold": "33554000000",
            "operatingIncome": "4043000000",
            "sellingGeneralAndAdministrative": "244000000",
            "researchAndDevelopment": "None",
            "operatingExpenses": "264000000",
            "investmentIncomeNet": "None",
            "netInterestIncome": "-146000000",
            "interestIncome": "None",
            "interestExpense": "146000000",
            "nonInterestIncome": "36450000000",
            "otherNonOperatingIncome": "129000000",
            "depreciation": "None",
            "depreciationAndAmortization": "10000000",
            "incomeBeforeTax": "3947000000",
            "incomeTaxExpense": "880000000",
            "interestAndDebtExpense": "135000000",
            "netIncomeFromContinuingOperations": "3146000000",
            "comprehensiveIncomeNetOfTax": "3221000000",
            "ebit": "4093000000",
            "ebitda": "4103000000",
            "netIncome": "3067000000"
        },
        {
            "fiscalDateEnding": "2022-12-31",
            "reportedCurrency": "USD",
            "grossProfit": "4605000000",
            "totalRevenue": "41676000000",
            "costOfRevenue": "37071000000",
            "costofGoodsAndServicesSold": "38375000000",
            "operatingIncome": "4295000000",
            "sellingGeneralAndAdministrative": "282000000",
            "researchAndDevelopment": "None",
            "operatingExpenses": "380000000",
            "investmentIncomeNet": "None",
            "netInterestIncome": "-137000000",
            "interestIncome": "137000000",
            "interestExpense": "137000000",
            "nonInterestIncome": "41784000000",
            "otherNonOperatingIncome": "92000000",
            "depreciation": "None",
            "depreciationAndAmortization": "11000000",
            "incomeBeforeTax": "4131000000",
            "incomeTaxExpense": "1018000000",
            "interestAndDebtExpense": "99000000",
            "netIncomeFromContinuingOperations": "3232000000",
            "comprehensiveIncomeNetOfTax": "3751000000",
            "ebit": "4268000000",
            "ebitda": "4279000000",
            "netIncome": "3113000000"
        },
        {
            "fiscalDateEnding": "2022-09-30",
            "reportedCurrency": "USD",
            "grossProfit": "3885000000",
            "totalRevenue": "44316000000",
            "costOfRevenue": "40431000000",
            "costofGoodsAndServicesSold": "41644000000",
            "operatingIncome": "3792000000",
            "sellingGeneralAndAdministrative": "214000000",
            "researchAndDevelopment": "None",
            "operatingExpenses": "231000000",
            "investmentIncomeNet": "None",
            "netInterestIncome": "-138000000",
            "interestIncome": "138000000",
            "interestExpense": "138000000",
            "nonInterestIncome": "44454000000",
            "otherNonOperatingIncome": "74000000",
            "depreciation": "None",
            "depreciationAndAmortization": "11000000",
            "incomeBeforeTax": "3633000000",
            "incomeTaxExpense": "816000000",
            "interestAndDebtExpense": "138000000",
            "netIncomeFromContinuingOperations": "2912000000",
            "comprehensiveIncomeNetOfTax": "2245000000",
            "ebit": "3771000000",
            "ebitda": "3782000000",
            "netIncome": "2817000000"
        },
        {
            "fiscalDateEnding": "2022-06-30",
            "reportedCurrency": "USD",
            "grossProfit": "6337000000",
            "totalRevenue": "51499000000",
            "costOfRevenue": "45162000000",
            "costofGoodsAndServicesSold": "46416000000",
            "operatingIncome": "6219000000",
            "sellingGeneralAndAdministrative": "233000000",
            "researchAndDevelopment": "None",
            "operatingExpenses": "260000000",
            "investmentIncomeNet": "None",
            "netInterestIncome": "-142000000",
            "interestIncome": "142000000",
            "interestExpense": "142000000",
            "nonInterestIncome": "51641000000",
            "otherNonOperatingIncome": "33000000",
            "depreciation": "None",
            "depreciationAndAmortization": "12000000",
            "incomeBeforeTax": "6035000000",
            "incomeTaxExpense": "1342000000",
            "interestAndDebtExpense": "142000000",
            "netIncomeFromContinuingOperations": "4768000000",
            "comprehensiveIncomeNetOfTax": "4277000000",
            "ebit": "6177000000",
            "ebitda": "6189000000",
            "netIncome": "4693000000"
        },
        {
            "fiscalDateEnding": "2022-03-31",
            "reportedCurrency": "USD",
            "grossProfit": "1424000000",
            "totalRevenue": "38347000000",
            "costOfRevenue": "36923000000",
            "costofGoodsAndServicesSold": "38346000000",
            "operatingIncome": "1384000000",
            "sellingGeneralAndAdministrative": "205000000",
            "researchAndDevelopment": "None",
            "operatingExpenses": "235000000",
            "investmentIncomeNet": "None",
            "netInterestIncome": "-145000000",
            "interestIncome": "145000000",
            "interestExpense": "145000000",
            "nonInterestIncome": "38492000000",
            "otherNonOperatingIncome": "-20000000",
            "depreciation": "None",
            "depreciationAndAmortization": "11000000",
            "incomeBeforeTax": "1157000000",
            "incomeTaxExpense": "252000000",
            "interestAndDebtExpense": "195000000",
            "netIncomeFromContinuingOperations": "967000000",
            "comprehensiveIncomeNetOfTax": "904000000",
            "ebit": "1302000000",
            "ebitda": "1313000000",
            "netIncome": "905000000"
        },
        {
            "fiscalDateEnding": "2021-12-31",
            "reportedCurrency": "USD",
            "grossProfit": "1572000000",
            "totalRevenue": "35565000000",
            "costOfRevenue": "33993000000",
            "costofGoodsAndServicesSold": "35486000000",
            "operatingIncome": "1594000000",
            "sellingGeneralAndAdministrative": "286000000",
            "researchAndDevelopment": "None",
            "operatingExpenses": "316000000",
            "investmentIncomeNet": "None",
            "netInterestIncome": "-152000000",
            "interestIncome": "152000000",
            "interestExpense": "152000000",
            "nonInterestIncome": "35710000000",
            "otherNonOperatingIncome": "-163000000",
            "depreciation": "None",
            "depreciationAndAmortization": "12000000",
            "incomeBeforeTax": "1178000000",
            "incomeTaxExpense": "169000000",
            "interestAndDebtExpense": "345000000",
            "netIncomeFromContinuingOperations": "1110000000",
            "comprehensiveIncomeNetOfTax": "1339000000",
            "ebit": "1330000000",
            "ebitda": "1342000000",
            "netIncome": "1009000000"
        },
        {
            "fiscalDateEnding": "2021-09-30",
            "reportedCurrency": "USD",
            "grossProfit": "766000000",
            "totalRevenue": "29368000000",
            "costOfRevenue": "28602000000",
            "costofGoodsAndServicesSold": "30212000000",
            "operatingIncome": "693000000",
            "sellingGeneralAndAdministrative": "195000000",
            "researchAndDevelopment": "None",
            "operatingExpenses": "225000000",
            "investmentIncomeNet": "None",
            "netInterestIncome": "-152000000",
            "interestIncome": "152000000",
            "interestExpense": "152000000",
            "nonInterestIncome": "29520000000",
            "otherNonOperatingIncome": "32000000",
            "depreciation": "None",
            "depreciationAndAmortization": "11000000",
            "incomeBeforeTax": "528000000",
            "incomeTaxExpense": "65000000",
            "interestAndDebtExpense": "152000000",
            "netIncomeFromContinuingOperations": "508000000",
            "comprehensiveIncomeNetOfTax": "214000000",
            "ebit": "680000000",
            "ebitda": "691000000",
            "netIncome": "463000000"
        },
        {
            "fiscalDateEnding": "2021-06-30",
            "reportedCurrency": "USD",
            "grossProfit": "559000000",
            "totalRevenue": "27598000000",
            "costOfRevenue": "27039000000",
            "costofGoodsAndServicesSold": "28461000000",
            "operatingIncome": "509000000",
            "sellingGeneralAndAdministrative": "176000000",
            "researchAndDevelopment": "None",
            "operatingExpenses": "200000000",
            "investmentIncomeNet": "None",
            "netInterestIncome": "-150000000",
            "interestIncome": "150000000",
            "interestExpense": "150000000",
            "nonInterestIncome": "27748000000",
            "otherNonOperatingIncome": "102000000",
            "depreciation": "None",
            "depreciationAndAmortization": "12000000",
            "incomeBeforeTax": "331000000",
            "incomeTaxExpense": "169000000",
            "interestAndDebtExpense": "150000000",
            "netIncomeFromContinuingOperations": "292000000",
            "comprehensiveIncomeNetOfTax": "238000000",
            "ebit": "481000000",
            "ebitda": "493000000",
            "netIncome": "162000000"
        },
        {
            "fiscalDateEnding": "2021-03-31",
            "reportedCurrency": "USD",
            "grossProfit": "-557000000",
            "totalRevenue": "20657000000",
            "costOfRevenue": "21214000000",
            "costofGoodsAndServicesSold": "22334000000",
            "operatingIncome": "-666000000",
            "sellingGeneralAndAdministrative": "208000000",
            "researchAndDevelopment": "None",
            "operatingExpenses": "258000000",
            "investmentIncomeNet": "None",
            "netInterestIncome": "-149000000",
            "interestIncome": "149000000",
            "interestExpense": "149000000",
            "nonInterestIncome": "20806000000",
            "otherNonOperatingIncome": "45000000",
            "depreciation": "None",
            "depreciationAndAmortization": "12000000",
            "incomeBeforeTax": "-852000000",
            "incomeTaxExpense": "-148000000",
            "interestAndDebtExpense": "149000000",
            "netIncomeFromContinuingOperations": "-622000000",
            "comprehensiveIncomeNetOfTax": "-615000000",
            "ebit": "-703000000",
            "ebitda": "-691000000",
            "netIncome": "-704000000"
        },
        {
            "fiscalDateEnding": "2020-12-31",
            "reportedCurrency": "USD",
            "grossProfit": "-230000000",
            "totalRevenue": "16604000000",
            "costOfRevenue": "16834000000",
            "costofGoodsAndServicesSold": "18140000000",
            "operatingIncome": "-470000000",
            "sellingGeneralAndAdministrative": "224000000",
            "researchAndDevelopment": "None",
            "operatingExpenses": "240000000",
            "investmentIncomeNet": "None",
            "netInterestIncome": "-153000000",
            "interestIncome": "153000000",
            "interestExpense": "153000000",
            "nonInterestIncome": "16604000000",
            "otherNonOperatingIncome": "25000000",
            "depreciation": "None",
            "depreciationAndAmortization": "11000000",
            "incomeBeforeTax": "-648000000",
            "incomeTaxExpense": "-289000000",
            "interestAndDebtExpense": "153000000",
            "netIncomeFromContinuingOperations": "-470000000",
            "comprehensiveIncomeNetOfTax": "-42000000",
            "ebit": "-495000000",
            "ebitda": "-484000000",
            "netIncome": "-359000000"
        },
        {
            "fiscalDateEnding": "2020-09-30",
            "reportedCurrency": "USD",
            "grossProfit": "-398000000",
            "totalRevenue": "15809000000",
            "costOfRevenue": "16207000000",
            "costofGoodsAndServicesSold": "17546000000",
            "operatingIncome": "-621000000",
            "sellingGeneralAndAdministrative": "186000000",
            "researchAndDevelopment": "None",
            "operatingExpenses": "223000000",
            "investmentIncomeNet": "None",
            "netInterestIncome": "-143000000",
            "interestIncome": "143000000",
            "interestExpense": "143000000",
            "nonInterestIncome": "15809000000",
            "otherNonOperatingIncome": "48000000",
            "depreciation": "None",
            "depreciationAndAmortization": "12000000",
            "incomeBeforeTax": "-801000000",
            "incomeTaxExpense": "-337000000",
            "interestAndDebtExpense": "143000000",
            "netIncomeFromContinuingOperations": "-379000000",
            "comprehensiveIncomeNetOfTax": "-236000000",
            "ebit": "-658000000",
            "ebitda": "-646000000",
            "netIncome": "-464000000"
        },
        {
            "fiscalDateEnding": "2020-06-30",
            "reportedCurrency": "USD",
            "grossProfit": "1973000000",
            "totalRevenue": "10397000000",
            "costOfRevenue": "8424000000",
            "costofGoodsAndServicesSold": "9208000000",
            "operatingIncome": "1789000000",
            "sellingGeneralAndAdministrative": "169000000",
            "researchAndDevelopment": "None",
            "operatingExpenses": "184000000",
            "investmentIncomeNet": "None",
            "netInterestIncome": "-142000000",
            "interestIncome": "82000000",
            "interestExpense": "142000000",
            "nonInterestIncome": "10397000000",
            "otherNonOperatingIncome": "27000000",
            "depreciation": "None",
            "depreciationAndAmortization": "12000000",
            "incomeBeforeTax": "1592000000",
            "incomeTaxExpense": "339000000",
            "interestAndDebtExpense": "142000000",
            "netIncomeFromContinuingOperations": "1335000000",
            "comprehensiveIncomeNetOfTax": "1391000000",
            "ebit": "1734000000",
            "ebitda": "1746000000",
            "netIncome": "1253000000"
        },
        {
            "fiscalDateEnding": "2020-03-31",
            "reportedCurrency": "USD",
            "grossProfit": "-2085000000",
            "totalRevenue": "22102000000",
            "costOfRevenue": "24187000000",
            "costofGoodsAndServicesSold": "25513000000",
            "operatingIncome": "-2277000000",
            "sellingGeneralAndAdministrative": "177000000",
            "researchAndDevelopment": "None",
            "operatingExpenses": "192000000",
            "investmentIncomeNet": "None",
            "netInterestIncome": "-125000000",
            "interestIncome": "290000000",
            "interestExpense": "125000000",
            "nonInterestIncome": "22102000000",
            "otherNonOperatingIncome": "32000000",
            "depreciation": "None",
            "depreciationAndAmortization": "13000000",
            "incomeBeforeTax": "-2467000000",
            "incomeTaxExpense": "-616000000",
            "interestAndDebtExpense": "125000000",
            "netIncomeFromContinuingOperations": "-1754000000",
            "comprehensiveIncomeNetOfTax": "-2437000000",
            "ebit": "-2342000000",
            "ebitda": "-2329000000",
            "netIncome": "-1851000000"
        },
        {
            "fiscalDateEnding": "2019-12-31",
            "reportedCurrency": "USD",
            "grossProfit": "2003000000",
            "totalRevenue": "27879000000",
            "costOfRevenue": "25876000000",
            "costofGoodsAndServicesSold": "27332000000",
            "operatingIncome": "1739000000",
            "sellingGeneralAndAdministrative": "243000000",
            "researchAndDevelopment": "None",
            "operatingExpenses": "264000000",
            "investmentIncomeNet": "None",
            "netInterestIncome": "-119000000",
            "interestIncome": "80000000",
            "interestExpense": "119000000",
            "nonInterestIncome": "27879000000",
            "otherNonOperatingIncome": "36000000",
            "depreciation": "None",
            "depreciationAndAmortization": "14000000",
            "incomeBeforeTax": "1386000000",
            "incomeTaxExpense": "326000000",
            "interestAndDebtExpense": "119000000",
            "netIncomeFromContinuingOperations": "1739000000",
            "comprehensiveIncomeNetOfTax": "1238000000",
            "ebit": "1505000000",
            "ebitda": "1519000000",
            "netIncome": "1060000000"
        },
        {
            "fiscalDateEnding": "2019-09-30",
            "reportedCurrency": "USD",
            "grossProfit": "1119000000",
            "totalRevenue": "27249000000",
            "costOfRevenue": "26130000000",
            "costofGoodsAndServicesSold": "27529000000",
            "operatingIncome": "881000000",
            "sellingGeneralAndAdministrative": "217000000",
            "researchAndDevelopment": "None",
            "operatingExpenses": "238000000",
            "investmentIncomeNet": "None",
            "netInterestIncome": "-111000000",
            "interestIncome": "130000000",
            "interestExpense": "111000000",
            "nonInterestIncome": "27249000000",
            "otherNonOperatingIncome": "34000000",
            "depreciation": "None",
            "depreciationAndAmortization": "11000000",
            "incomeBeforeTax": "774000000",
            "incomeTaxExpense": "165000000",
            "interestAndDebtExpense": "111000000",
            "netIncomeFromContinuingOperations": "639000000",
            "comprehensiveIncomeNetOfTax": "430000000",
            "ebit": "885000000",
            "ebitda": "896000000",
            "netIncome": "609000000"
        },
        {
            "fiscalDateEnding": "2019-06-30",
            "reportedCurrency": "USD",
            "grossProfit": "1123000000",
            "totalRevenue": "28933000000",
            "costOfRevenue": "27810000000",
            "costofGoodsAndServicesSold": "29220000000",
            "operatingIncome": "908000000",
            "sellingGeneralAndAdministrative": "199000000",
            "researchAndDevelopment": "None",
            "operatingExpenses": "215000000",
            "investmentIncomeNet": "None",
            "netInterestIncome": "-112000000",
            "interestIncome": "64000000",
            "interestExpense": "112000000",
            "nonInterestIncome": "28933000000",
            "otherNonOperatingIncome": "12000000",
            "depreciation": "None",
            "depreciationAndAmortization": "14000000",
            "incomeBeforeTax": "772000000",
            "incomeTaxExpense": "160000000",
            "interestAndDebtExpense": "112000000",
            "netIncomeFromContinuingOperations": "648000000",
            "comprehensiveIncomeNetOfTax": "614000000",
            "ebit": "884000000",
            "ebitda": "898000000",
            "netIncome": "612000000"
        },
        {
            "fiscalDateEnding": "2019-03-31",
            "reportedCurrency": "USD",
            "grossProfit": "533000000",
            "totalRevenue": "24263000000",
            "costOfRevenue": "23730000000",
            "costofGoodsAndServicesSold": "25060000000",
            "operatingIncome": "308000000",
            "sellingGeneralAndAdministrative": "209000000",
            "researchAndDevelopment": "None",
            "operatingExpenses": "225000000",
            "investmentIncomeNet": "None",
            "netInterestIncome": "-112000000",
            "interestIncome": "105000000",
            "interestExpense": "112000000",
            "nonInterestIncome": "24263000000",
            "otherNonOperatingIncome": "22000000",
            "depreciation": "None",
            "depreciationAndAmortization": "14000000",
            "incomeBeforeTax": "192000000",
            "incomeTaxExpense": "51000000",
            "interestAndDebtExpense": "112000000",
            "netIncomeFromContinuingOperations": "167000000",
            "comprehensiveIncomeNetOfTax": "296000000",
            "ebit": "304000000",
            "ebitda": "318000000",
            "netIncome": "141000000"
        },
        {
            "fiscalDateEnding": "2018-12-31",
            "reportedCurrency": "USD",
            "grossProfit": "1546000000",
            "totalRevenue": "28730000000",
            "costOfRevenue": "27184000000",
            "costofGoodsAndServicesSold": "28538000000",
            "operatingIncome": "1299000000",
            "sellingGeneralAndAdministrative": "230000000",
            "researchAndDevelopment": "None",
            "operatingExpenses": "247000000",
            "investmentIncomeNet": "None",
            "netInterestIncome": "-114000000",
            "interestIncome": "None",
            "interestExpense": "114000000",
            "nonInterestIncome": "28730000000",
            "otherNonOperatingIncome": "42000000",
            "depreciation": "None",
            "depreciationAndAmortization": "13000000",
            "incomeBeforeTax": "1157000000",
            "incomeTaxExpense": "205000000",
            "interestAndDebtExpense": "114000000",
            "netIncomeFromContinuingOperations": "1299000000",
            "comprehensiveIncomeNetOfTax": "680000000",
            "ebit": "1271000000",
            "ebitda": "1284000000",
            "netIncome": "952000000"
        },
        {
            "fiscalDateEnding": "2018-09-30",
            "reportedCurrency": "USD",
            "grossProfit": "1451000000",
            "totalRevenue": "30849000000",
            "costOfRevenue": "29398000000",
            "costofGoodsAndServicesSold": "30736000000",
            "operatingIncome": "1219000000",
            "sellingGeneralAndAdministrative": "209000000",
            "researchAndDevelopment": "None",
            "operatingExpenses": "232000000",
            "investmentIncomeNet": "None",
            "netInterestIncome": "-111000000",
            "interestIncome": "None",
            "interestExpense": "111000000",
            "nonInterestIncome": "30849000000",
            "otherNonOperatingIncome": "42000000",
            "depreciation": "None",
            "depreciationAndAmortization": "13000000",
            "incomeBeforeTax": "1132000000",
            "incomeTaxExpense": "276000000",
            "interestAndDebtExpense": "111000000",
            "netIncomeFromContinuingOperations": "874000000",
            "comprehensiveIncomeNetOfTax": "883000000",
            "ebit": "1243000000",
            "ebitda": "1256000000",
            "netIncome": "856000000"
        },
        {
            "fiscalDateEnding": "2018-06-30",
            "reportedCurrency": "USD",
            "grossProfit": "1535000000",
            "totalRevenue": "31015000000",
            "costOfRevenue": "29480000000",
            "costofGoodsAndServicesSold": "30950000000",
            "operatingIncome": "1253000000",
            "sellingGeneralAndAdministrative": "248000000",
            "researchAndDevelopment": "None",
            "operatingExpenses": "282000000",
            "investmentIncomeNet": "None",
            "netInterestIncome": "-124000000",
            "interestIncome": "None",
            "interestExpense": "124000000",
            "nonInterestIncome": "31015000000",
            "otherNonOperatingIncome": "-5000000",
            "depreciation": "None",
            "depreciationAndAmortization": "13000000",
            "incomeBeforeTax": "1094000000",
            "incomeTaxExpense": "249000000",
            "interestAndDebtExpense": "124000000",
            "netIncomeFromContinuingOperations": "875000000",
            "comprehensiveIncomeNetOfTax": "566000000",
            "ebit": "1218000000",
            "ebitda": "1231000000",
            "netIncome": "845000000"
        }
    ]
}