{
    "symbol": "XYL",
    "annualReports": [
        {
            "fiscalDateEnding": "2022-12-31",
            "reportedCurrency": "USD",
            "grossProfit": "2084000000",
            "totalRevenue": "5522000000",
            "costOfRevenue": "3438000000",
            "costofGoodsAndServicesSold": "3438000000",
            "operatingIncome": "622000000",
            "sellingGeneralAndAdministrative": "1227000000",
            "researchAndDevelopment": "206000000",
            "operatingExpenses": "1726000000",
            "investmentIncomeNet": "16000000",
            "netInterestIncome": "-50000000",
            "interestIncome": "50000000",
            "interestExpense": "50000000",
            "nonInterestIncome": "5295000000",
            "otherNonOperatingIncome": "7000000",
            "depreciation": "111000000",
            "depreciationAndAmortization": "125000000",
            "incomeBeforeTax": "440000000",
            "incomeTaxExpense": "85000000",
            "interestAndDebtExpense": "50000000",
            "netIncomeFromContinuingOperations": "355000000",
            "comprehensiveIncomeNetOfTax": "500000000",
            "ebit": "490000000",
            "ebitda": "615000000",
            "netIncome": "355000000"
        },
        {
            "fiscalDateEnding": "2021-12-31",
            "reportedCurrency": "USD",
            "grossProfit": "1975000000",
            "totalRevenue": "5195000000",
            "costOfRevenue": "3220000000",
            "costofGoodsAndServicesSold": "3220000000",
            "operatingIncome": "585000000",
            "sellingGeneralAndAdministrative": "1179000000",
            "researchAndDevelopment": "204000000",
            "operatingExpenses": "1515000000",
            "investmentIncomeNet": "7000000",
            "netInterestIncome": "-76000000",
            "interestIncome": "76000000",
            "interestExpense": "76000000",
            "nonInterestIncome": "5000000000",
            "otherNonOperatingIncome": "0",
            "depreciation": "118000000",
            "depreciationAndAmortization": "127000000",
            "incomeBeforeTax": "511000000",
            "incomeTaxExpense": "84000000",
            "interestAndDebtExpense": "76000000",
            "netIncomeFromContinuingOperations": "436000000",
            "comprehensiveIncomeNetOfTax": "469000000",
            "ebit": "587000000",
            "ebitda": "714000000",
            "netIncome": "427000000"
        },
        {
            "fiscalDateEnding": "2020-12-31",
            "reportedCurrency": "USD",
            "grossProfit": "1830000000",
            "totalRevenue": "4876000000",
            "costOfRevenue": "3046000000",
            "costofGoodsAndServicesSold": "3046000000",
            "operatingIncome": "367000000",
            "sellingGeneralAndAdministrative": "1143000000",
            "researchAndDevelopment": "187000000",
            "operatingExpenses": "1539000000",
            "investmentIncomeNet": "7000000",
            "netInterestIncome": "-77000000",
            "interestIncome": "77000000",
            "interestExpense": "77000000",
            "nonInterestIncome": "4681000000",
            "otherNonOperatingIncome": "-5000000",
            "depreciation": "117000000",
            "depreciationAndAmortization": "134000000",
            "incomeBeforeTax": "285000000",
            "incomeTaxExpense": "31000000",
            "interestAndDebtExpense": "77000000",
            "netIncomeFromContinuingOperations": "256000000",
            "comprehensiveIncomeNetOfTax": "216000000",
            "ebit": "362000000",
            "ebitda": "496000000",
            "netIncome": "254000000"
        },
        {
            "fiscalDateEnding": "2019-12-31",
            "reportedCurrency": "USD",
            "grossProfit": "2046000000",
            "totalRevenue": "5249000000",
            "costOfRevenue": "3203000000",
            "costofGoodsAndServicesSold": "3203000000",
            "operatingIncome": "486000000",
            "sellingGeneralAndAdministrative": "1158000000",
            "researchAndDevelopment": "191000000",
            "operatingExpenses": "1551000000",
            "investmentIncomeNet": "5000000",
            "netInterestIncome": "-67000000",
            "interestIncome": "5000000",
            "interestExpense": "67000000",
            "nonInterestIncome": "5003000000",
            "otherNonOperatingIncome": "-4000000",
            "depreciation": "117000000",
            "depreciationAndAmortization": "140000000",
            "incomeBeforeTax": "416000000",
            "incomeTaxExpense": "15000000",
            "interestAndDebtExpense": "67000000",
            "netIncomeFromContinuingOperations": "404000000",
            "comprehensiveIncomeNetOfTax": "362000000",
            "ebit": "483000000",
            "ebitda": "623000000",
            "netIncome": "401000000"
        },
        {
            "fiscalDateEnding": "2018-12-31",
            "reportedCurrency": "USD",
            "grossProfit": "2026000000",
            "totalRevenue": "5207000000",
            "costOfRevenue": "3181000000",
            "costofGoodsAndServicesSold": "3181000000",
            "operatingIncome": "654000000",
            "sellingGeneralAndAdministrative": "1161000000",
            "researchAndDevelopment": "189000000",
            "operatingExpenses": "1516000000",
            "investmentIncomeNet": "4000000",
            "netInterestIncome": "-82000000",
            "interestIncome": "4000000",
            "interestExpense": "82000000",
            "nonInterestIncome": "4963000000",
            "otherNonOperatingIncome": "13000000",
            "depreciation": "117000000",
            "depreciationAndAmortization": "144000000",
            "incomeBeforeTax": "585000000",
            "incomeTaxExpense": "36000000",
            "interestAndDebtExpense": "82000000",
            "netIncomeFromContinuingOperations": "554000000",
            "comprehensiveIncomeNetOfTax": "440000000",
            "ebit": "667000000",
            "ebitda": "811000000",
            "netIncome": "549000000"
        }
    ],
    "quarterlyReports": [
        {
            "fiscalDateEnding": "2022-12-31",
            "reportedCurrency": "USD",
            "grossProfit": "573000000",
            "totalRevenue": "1506000000",
            "costOfRevenue": "933000000",
            "costofGoodsAndServicesSold": "933000000",
            "operatingIncome": "197000000",
            "sellingGeneralAndAdministrative": "315000000",
            "researchAndDevelopment": "54000000",
            "operatingExpenses": "408000000",
            "investmentIncomeNet": "None",
            "netInterestIncome": "-13000000",
            "interestIncome": "13000000",
            "interestExpense": "13000000",
            "nonInterestIncome": "1442000000",
            "otherNonOperatingIncome": "5000000",
            "depreciation": "28000000",
            "depreciationAndAmortization": "32000000",
            "incomeBeforeTax": "189000000",
            "incomeTaxExpense": "40000000",
            "interestAndDebtExpense": "13000000",
            "netIncomeFromContinuingOperations": "149000000",
            "comprehensiveIncomeNetOfTax": "322000000",
            "ebit": "202000000",
            "ebitda": "234000000",
            "netIncome": "149000000"
        },
        {
            "fiscalDateEnding": "2022-09-30",
            "reportedCurrency": "USD",
            "grossProfit": "524000000",
            "totalRevenue": "1380000000",
            "costOfRevenue": "856000000",
            "costofGoodsAndServicesSold": "856000000",
            "operatingIncome": "168000000",
            "sellingGeneralAndAdministrative": "294000000",
            "researchAndDevelopment": "47000000",
            "operatingExpenses": "527000000",
            "investmentIncomeNet": "None",
            "netInterestIncome": "-12000000",
            "interestIncome": "12000000",
            "interestExpense": "12000000",
            "nonInterestIncome": "1319000000",
            "otherNonOperatingIncome": "1000000",
            "depreciation": "27000000",
            "depreciationAndAmortization": "31000000",
            "incomeBeforeTax": "17000000",
            "incomeTaxExpense": "5000000",
            "interestAndDebtExpense": "12000000",
            "netIncomeFromContinuingOperations": "12000000",
            "comprehensiveIncomeNetOfTax": "61000000",
            "ebit": "29000000",
            "ebitda": "60000000",
            "netIncome": "12000000"
        },
        {
            "fiscalDateEnding": "2022-06-30",
            "reportedCurrency": "USD",
            "grossProfit": "520000000",
            "totalRevenue": "1364000000",
            "costOfRevenue": "844000000",
            "costofGoodsAndServicesSold": "844000000",
            "operatingIncome": "146000000",
            "sellingGeneralAndAdministrative": "314000000",
            "researchAndDevelopment": "53000000",
            "operatingExpenses": "406000000",
            "investmentIncomeNet": "None",
            "netInterestIncome": "-12000000",
            "interestIncome": "12000000",
            "interestExpense": "12000000",
            "nonInterestIncome": "1312000000",
            "otherNonOperatingIncome": "2000000",
            "depreciation": "28000000",
            "depreciationAndAmortization": "32000000",
            "incomeBeforeTax": "136000000",
            "incomeTaxExpense": "24000000",
            "interestAndDebtExpense": "12000000",
            "netIncomeFromContinuingOperations": "112000000",
            "comprehensiveIncomeNetOfTax": "41000000",
            "ebit": "148000000",
            "ebitda": "180000000",
            "netIncome": "112000000"
        },
        {
            "fiscalDateEnding": "2022-03-31",
            "reportedCurrency": "USD",
            "grossProfit": "467000000",
            "totalRevenue": "1272000000",
            "costOfRevenue": "805000000",
            "costofGoodsAndServicesSold": "805000000",
            "operatingIncome": "111000000",
            "sellingGeneralAndAdministrative": "304000000",
            "researchAndDevelopment": "52000000",
            "operatingExpenses": "385000000",
            "investmentIncomeNet": "None",
            "netInterestIncome": "-13000000",
            "interestIncome": "13000000",
            "interestExpense": "13000000",
            "nonInterestIncome": "1223000000",
            "otherNonOperatingIncome": "-1000000",
            "depreciation": "28000000",
            "depreciationAndAmortization": "30000000",
            "incomeBeforeTax": "98000000",
            "incomeTaxExpense": "16000000",
            "interestAndDebtExpense": "13000000",
            "netIncomeFromContinuingOperations": "82000000",
            "comprehensiveIncomeNetOfTax": "76000000",
            "ebit": "111000000",
            "ebitda": "141000000",
            "netIncome": "82000000"
        },
        {
            "fiscalDateEnding": "2021-12-31",
            "reportedCurrency": "USD",
            "grossProfit": "493000000",
            "totalRevenue": "1323000000",
            "costOfRevenue": "830000000",
            "costofGoodsAndServicesSold": "830000000",
            "operatingIncome": "140000000",
            "sellingGeneralAndAdministrative": "301000000",
            "researchAndDevelopment": "52000000",
            "operatingExpenses": "384000000",
            "investmentIncomeNet": "None",
            "netInterestIncome": "-13000000",
            "interestIncome": "13000000",
            "interestExpense": "13000000",
            "nonInterestIncome": "1272000000",
            "otherNonOperatingIncome": "-1000000",
            "depreciation": "28000000",
            "depreciationAndAmortization": "31000000",
            "incomeBeforeTax": "126000000",
            "incomeTaxExpense": "13000000",
            "interestAndDebtExpense": "13000000",
            "netIncomeFromContinuingOperations": "122000000",
            "comprehensiveIncomeNetOfTax": "164000000",
            "ebit": "139000000",
            "ebitda": "170000000",
            "netIncome": "113000000"
        },
        {
            "fiscalDateEnding": "2021-09-30",
            "reportedCurrency": "USD",
            "grossProfit": "472000000",
            "totalRevenue": "1265000000",
            "costOfRevenue": "793000000",
            "costofGoodsAndServicesSold": "793000000",
            "operatingIncome": "152000000",
            "sellingGeneralAndAdministrative": "273000000",
            "researchAndDevelopment": "49000000",
            "operatingExpenses": "351000000",
            "investmentIncomeNet": "None",
            "netInterestIncome": "-21000000",
            "interestIncome": "21000000",
            "interestExpense": "21000000",
            "nonInterestIncome": "1214000000",
            "otherNonOperatingIncome": "2000000",
            "depreciation": "31000000",
            "depreciationAndAmortization": "31000000",
            "incomeBeforeTax": "133000000",
            "incomeTaxExpense": "19000000",
            "interestAndDebtExpense": "21000000",
            "netIncomeFromContinuingOperations": "114000000",
            "comprehensiveIncomeNetOfTax": "90000000",
            "ebit": "154000000",
            "ebitda": "185000000",
            "netIncome": "114000000"
        },
        {
            "fiscalDateEnding": "2021-06-30",
            "reportedCurrency": "USD",
            "grossProfit": "520000000",
            "totalRevenue": "1351000000",
            "costOfRevenue": "831000000",
            "costofGoodsAndServicesSold": "831000000",
            "operatingIncome": "160000000",
            "sellingGeneralAndAdministrative": "304000000",
            "researchAndDevelopment": "53000000",
            "operatingExpenses": "391000000",
            "investmentIncomeNet": "None",
            "netInterestIncome": "-21000000",
            "interestIncome": "21000000",
            "interestExpense": "21000000",
            "nonInterestIncome": "1304000000",
            "otherNonOperatingIncome": "-3000000",
            "depreciation": "29000000",
            "depreciationAndAmortization": "33000000",
            "incomeBeforeTax": "138000000",
            "incomeTaxExpense": "25000000",
            "interestAndDebtExpense": "21000000",
            "netIncomeFromContinuingOperations": "113000000",
            "comprehensiveIncomeNetOfTax": "141000000",
            "ebit": "159000000",
            "ebitda": "192000000",
            "netIncome": "113000000"
        },
        {
            "fiscalDateEnding": "2021-03-31",
            "reportedCurrency": "USD",
            "grossProfit": "490000000",
            "totalRevenue": "1256000000",
            "costOfRevenue": "766000000",
            "costofGoodsAndServicesSold": "766000000",
            "operatingIncome": "133000000",
            "sellingGeneralAndAdministrative": "301000000",
            "researchAndDevelopment": "50000000",
            "operatingExpenses": "389000000",
            "investmentIncomeNet": "None",
            "netInterestIncome": "-21000000",
            "interestIncome": "21000000",
            "interestExpense": "21000000",
            "nonInterestIncome": "1211000000",
            "otherNonOperatingIncome": "2000000",
            "depreciation": "30000000",
            "depreciationAndAmortization": "32000000",
            "incomeBeforeTax": "114000000",
            "incomeTaxExpense": "27000000",
            "interestAndDebtExpense": "21000000",
            "netIncomeFromContinuingOperations": "87000000",
            "comprehensiveIncomeNetOfTax": "74000000",
            "ebit": "135000000",
            "ebitda": "167000000",
            "netIncome": "87000000"
        },
        {
            "fiscalDateEnding": "2020-12-31",
            "reportedCurrency": "USD",
            "grossProfit": "526000000",
            "totalRevenue": "1373000000",
            "costOfRevenue": "847000000",
            "costofGoodsAndServicesSold": "847000000",
            "operatingIncome": "179000000",
            "sellingGeneralAndAdministrative": "292000000",
            "researchAndDevelopment": "49000000",
            "operatingExpenses": "380000000",
            "investmentIncomeNet": "None",
            "netInterestIncome": "-21000000",
            "interestIncome": "21000000",
            "interestExpense": "21000000",
            "nonInterestIncome": "1323000000",
            "otherNonOperatingIncome": "0",
            "depreciation": "29000000",
            "depreciationAndAmortization": "33000000",
            "incomeBeforeTax": "158000000",
            "incomeTaxExpense": "10000000",
            "interestAndDebtExpense": "21000000",
            "netIncomeFromContinuingOperations": "179000000",
            "comprehensiveIncomeNetOfTax": "131000000",
            "ebit": "179000000",
            "ebitda": "212000000",
            "netIncome": "148000000"
        },
        {
            "fiscalDateEnding": "2020-09-30",
            "reportedCurrency": "USD",
            "grossProfit": "461000000",
            "totalRevenue": "1220000000",
            "costOfRevenue": "759000000",
            "costofGoodsAndServicesSold": "759000000",
            "operatingIncome": "73000000",
            "sellingGeneralAndAdministrative": "266000000",
            "researchAndDevelopment": "45000000",
            "operatingExpenses": "363000000",
            "investmentIncomeNet": "None",
            "netInterestIncome": "-22000000",
            "interestIncome": "22000000",
            "interestExpense": "22000000",
            "nonInterestIncome": "1170000000",
            "otherNonOperatingIncome": "-1000000",
            "depreciation": "30000000",
            "depreciationAndAmortization": "33000000",
            "incomeBeforeTax": "50000000",
            "incomeTaxExpense": "13000000",
            "interestAndDebtExpense": "22000000",
            "netIncomeFromContinuingOperations": "37000000",
            "comprehensiveIncomeNetOfTax": "50000000",
            "ebit": "72000000",
            "ebitda": "105000000",
            "netIncome": "37000000"
        },
        {
            "fiscalDateEnding": "2020-06-30",
            "reportedCurrency": "USD",
            "grossProfit": "434000000",
            "totalRevenue": "1160000000",
            "costOfRevenue": "726000000",
            "costofGoodsAndServicesSold": "726000000",
            "operatingIncome": "54000000",
            "sellingGeneralAndAdministrative": "288000000",
            "researchAndDevelopment": "44000000",
            "operatingExpenses": "413000000",
            "investmentIncomeNet": "None",
            "netInterestIncome": "-18000000",
            "interestIncome": "18000000",
            "interestExpense": "18000000",
            "nonInterestIncome": "1114000000",
            "otherNonOperatingIncome": "-1000000",
            "depreciation": "29000000",
            "depreciationAndAmortization": "33000000",
            "incomeBeforeTax": "35000000",
            "incomeTaxExpense": "4000000",
            "interestAndDebtExpense": "18000000",
            "netIncomeFromContinuingOperations": "31000000",
            "comprehensiveIncomeNetOfTax": "83000000",
            "ebit": "53000000",
            "ebitda": "86000000",
            "netIncome": "31000000"
        },
        {
            "fiscalDateEnding": "2020-03-31",
            "reportedCurrency": "USD",
            "grossProfit": "409000000",
            "totalRevenue": "1123000000",
            "costOfRevenue": "714000000",
            "costofGoodsAndServicesSold": "714000000",
            "operatingIncome": "61000000",
            "sellingGeneralAndAdministrative": "297000000",
            "researchAndDevelopment": "49000000",
            "operatingExpenses": "383000000",
            "investmentIncomeNet": "None",
            "netInterestIncome": "-16000000",
            "interestIncome": "16000000",
            "interestExpense": "16000000",
            "nonInterestIncome": "1074000000",
            "otherNonOperatingIncome": "-3000000",
            "depreciation": "29000000",
            "depreciationAndAmortization": "35000000",
            "incomeBeforeTax": "42000000",
            "incomeTaxExpense": "4000000",
            "interestAndDebtExpense": "16000000",
            "netIncomeFromContinuingOperations": "38000000",
            "comprehensiveIncomeNetOfTax": "-48000000",
            "ebit": "58000000",
            "ebitda": "93000000",
            "netIncome": "38000000"
        },
        {
            "fiscalDateEnding": "2019-12-31",
            "reportedCurrency": "USD",
            "grossProfit": "537000000",
            "totalRevenue": "1371000000",
            "costOfRevenue": "834000000",
            "costofGoodsAndServicesSold": "834000000",
            "operatingIncome": "195000000",
            "sellingGeneralAndAdministrative": "288000000",
            "researchAndDevelopment": "49000000",
            "operatingExpenses": "3000000",
            "investmentIncomeNet": "None",
            "netInterestIncome": "-15000000",
            "interestIncome": "15000000",
            "interestExpense": "15000000",
            "nonInterestIncome": "1312000000",
            "otherNonOperatingIncome": "-2000000",
            "depreciation": "29000000",
            "depreciationAndAmortization": "36000000",
            "incomeBeforeTax": "178000000",
            "incomeTaxExpense": "60000000",
            "interestAndDebtExpense": "15000000",
            "netIncomeFromContinuingOperations": "195000000",
            "comprehensiveIncomeNetOfTax": "107000000",
            "ebit": "193000000",
            "ebitda": "229000000",
            "netIncome": "118000000"
        },
        {
            "fiscalDateEnding": "2019-09-30",
            "reportedCurrency": "USD",
            "grossProfit": "509000000",
            "totalRevenue": "1296000000",
            "costOfRevenue": "787000000",
            "costofGoodsAndServicesSold": "787000000",
            "operatingIncome": "11000000",
            "sellingGeneralAndAdministrative": "273000000",
            "researchAndDevelopment": "44000000",
            "operatingExpenses": "385000000",
            "investmentIncomeNet": "None",
            "netInterestIncome": "-16000000",
            "interestIncome": "16000000",
            "interestExpense": "16000000",
            "nonInterestIncome": "1231000000",
            "otherNonOperatingIncome": "-7000000",
            "depreciation": "30000000",
            "depreciationAndAmortization": "35000000",
            "incomeBeforeTax": "-12000000",
            "incomeTaxExpense": "-77000000",
            "interestAndDebtExpense": "16000000",
            "netIncomeFromContinuingOperations": "65000000",
            "comprehensiveIncomeNetOfTax": "28000000",
            "ebit": "4000000",
            "ebitda": "39000000",
            "netIncome": "65000000"
        },
        {
            "fiscalDateEnding": "2019-06-30",
            "reportedCurrency": "USD",
            "grossProfit": "526000000",
            "totalRevenue": "1345000000",
            "costOfRevenue": "819000000",
            "costofGoodsAndServicesSold": "819000000",
            "operatingIncome": "171000000",
            "sellingGeneralAndAdministrative": "294000000",
            "researchAndDevelopment": "47000000",
            "operatingExpenses": "389000000",
            "investmentIncomeNet": "None",
            "netInterestIncome": "-18000000",
            "interestIncome": "18000000",
            "interestExpense": "18000000",
            "nonInterestIncome": "1281000000",
            "otherNonOperatingIncome": "3000000",
            "depreciation": "29000000",
            "depreciationAndAmortization": "34000000",
            "incomeBeforeTax": "156000000",
            "incomeTaxExpense": "17000000",
            "interestAndDebtExpense": "18000000",
            "netIncomeFromContinuingOperations": "139000000",
            "comprehensiveIncomeNetOfTax": "128000000",
            "ebit": "174000000",
            "ebitda": "208000000",
            "netIncome": "139000000"
        },
        {
            "fiscalDateEnding": "2019-03-31",
            "reportedCurrency": "USD",
            "grossProfit": "474000000",
            "totalRevenue": "1237000000",
            "costOfRevenue": "763000000",
            "costofGoodsAndServicesSold": "763000000",
            "operatingIncome": "109000000",
            "sellingGeneralAndAdministrative": "303000000",
            "researchAndDevelopment": "51000000",
            "operatingExpenses": "399000000",
            "investmentIncomeNet": "None",
            "netInterestIncome": "-18000000",
            "interestIncome": "18000000",
            "interestExpense": "18000000",
            "nonInterestIncome": "1179000000",
            "otherNonOperatingIncome": "2000000",
            "depreciation": "29000000",
            "depreciationAndAmortization": "35000000",
            "incomeBeforeTax": "94000000",
            "incomeTaxExpense": "15000000",
            "interestAndDebtExpense": "18000000",
            "netIncomeFromContinuingOperations": "79000000",
            "comprehensiveIncomeNetOfTax": "99000000",
            "ebit": "112000000",
            "ebitda": "147000000",
            "netIncome": "79000000"
        },
        {
            "fiscalDateEnding": "2018-12-31",
            "reportedCurrency": "USD",
            "grossProfit": "542000000",
            "totalRevenue": "1386000000",
            "costOfRevenue": "844000000",
            "costofGoodsAndServicesSold": "844000000",
            "operatingIncome": "194000000",
            "sellingGeneralAndAdministrative": "293000000",
            "researchAndDevelopment": "52000000",
            "operatingExpenses": "384000000",
            "investmentIncomeNet": "None",
            "netInterestIncome": "-19000000",
            "interestIncome": "None",
            "interestExpense": "19000000",
            "nonInterestIncome": "1321000000",
            "otherNonOperatingIncome": "4000000",
            "depreciation": "30000000",
            "depreciationAndAmortization": "36000000",
            "incomeBeforeTax": "179000000",
            "incomeTaxExpense": "-46000000",
            "interestAndDebtExpense": "19000000",
            "netIncomeFromContinuingOperations": "194000000",
            "comprehensiveIncomeNetOfTax": "182000000",
            "ebit": "198000000",
            "ebitda": "234000000",
            "netIncome": "225000000"
        },
        {
            "fiscalDateEnding": "2018-09-30",
            "reportedCurrency": "USD",
            "grossProfit": "505000000",
            "totalRevenue": "1287000000",
            "costOfRevenue": "782000000",
            "costofGoodsAndServicesSold": "782000000",
            "operatingIncome": "176000000",
            "sellingGeneralAndAdministrative": "279000000",
            "researchAndDevelopment": "46000000",
            "operatingExpenses": "361000000",
            "investmentIncomeNet": "None",
            "netInterestIncome": "-21000000",
            "interestIncome": "None",
            "interestExpense": "21000000",
            "nonInterestIncome": "1224000000",
            "otherNonOperatingIncome": "4000000",
            "depreciation": "29000000",
            "depreciationAndAmortization": "34000000",
            "incomeBeforeTax": "161000000",
            "incomeTaxExpense": "31000000",
            "interestAndDebtExpense": "21000000",
            "netIncomeFromContinuingOperations": "130000000",
            "comprehensiveIncomeNetOfTax": "131000000",
            "ebit": "182000000",
            "ebitda": "216000000",
            "netIncome": "130000000"
        },
        {
            "fiscalDateEnding": "2018-06-30",
            "reportedCurrency": "USD",
            "grossProfit": "519000000",
            "totalRevenue": "1317000000",
            "costOfRevenue": "798000000",
            "costofGoodsAndServicesSold": "798000000",
            "operatingIncome": "171000000",
            "sellingGeneralAndAdministrative": "293000000",
            "researchAndDevelopment": "50000000",
            "operatingExpenses": "386000000",
            "investmentIncomeNet": "None",
            "netInterestIncome": "-21000000",
            "interestIncome": "None",
            "interestExpense": "21000000",
            "nonInterestIncome": "1256000000",
            "otherNonOperatingIncome": "2000000",
            "depreciation": "29000000",
            "depreciationAndAmortization": "36000000",
            "incomeBeforeTax": "150000000",
            "incomeTaxExpense": "35000000",
            "interestAndDebtExpense": "21000000",
            "netIncomeFromContinuingOperations": "115000000",
            "comprehensiveIncomeNetOfTax": "28000000",
            "ebit": "171000000",
            "ebitda": "207000000",
            "netIncome": "115000000"
        },
        {
            "fiscalDateEnding": "2018-03-31",
            "reportedCurrency": "USD",
            "grossProfit": "460000000",
            "totalRevenue": "1217000000",
            "costOfRevenue": "757000000",
            "costofGoodsAndServicesSold": "757000000",
            "operatingIncome": "113000000",
            "sellingGeneralAndAdministrative": "296000000",
            "researchAndDevelopment": "41000000",
            "operatingExpenses": "385000000",
            "investmentIncomeNet": "None",
            "netInterestIncome": "-21000000",
            "interestIncome": "None",
            "interestExpense": "21000000",
            "nonInterestIncome": "1162000000",
            "otherNonOperatingIncome": "3000000",
            "depreciation": "29000000",
            "depreciationAndAmortization": "38000000",
            "incomeBeforeTax": "95000000",
            "incomeTaxExpense": "16000000",
            "interestAndDebtExpense": "21000000",
            "netIncomeFromContinuingOperations": "79000000",
            "comprehensiveIncomeNetOfTax": "99000000",
            "ebit": "116000000",
            "ebitda": "154000000",
            "netIncome": "79000000"
        }
    ]
}