{
    "symbol": "ZION",
    "annualReports": [
        {
            "fiscalDateEnding": "2022-12-31",
            "reportedCurrency": "USD",
            "grossProfit": "-1365000000",
            "totalRevenue": "614000000",
            "costOfRevenue": "1979000000",
            "costofGoodsAndServicesSold": "None",
            "operatingIncome": "-1923000000",
            "sellingGeneralAndAdministrative": "448000000",
            "researchAndDevelopment": "None",
            "operatingExpenses": "558000000",
            "investmentIncomeNet": "None",
            "netInterestIncome": "2520000000",
            "interestIncome": "2705000000",
            "interestExpense": "185000000",
            "nonInterestIncome": "632000000",
            "otherNonOperatingIncome": "None",
            "depreciation": "None",
            "depreciationAndAmortization": "110000000",
            "incomeBeforeTax": "1152000000",
            "incomeTaxExpense": "245000000",
            "interestAndDebtExpense": "185000000",
            "netIncomeFromContinuingOperations": "-4029000000",
            "comprehensiveIncomeNetOfTax": "-2125000000",
            "ebit": "1337000000",
            "ebitda": "1447000000",
            "netIncome": "907000000"
        },
        {
            "fiscalDateEnding": "2021-12-31",
            "reportedCurrency": "USD",
            "grossProfit": "-908000000",
            "totalRevenue": "575000000",
            "costOfRevenue": "1483000000",
            "costofGoodsAndServicesSold": "None",
            "operatingIncome": "-1140000000",
            "sellingGeneralAndAdministrative": "246000000",
            "researchAndDevelopment": "None",
            "operatingExpenses": "232000000",
            "investmentIncomeNet": "311000000",
            "netInterestIncome": "2208000000",
            "interestIncome": "2267000000",
            "interestExpense": "59000000",
            "nonInterestIncome": "703000000",
            "otherNonOperatingIncome": "None",
            "depreciation": "None",
            "depreciationAndAmortization": "-14000000",
            "incomeBeforeTax": "1446000000",
            "incomeTaxExpense": "317000000",
            "interestAndDebtExpense": "59000000",
            "netIncomeFromContinuingOperations": "-3155000000",
            "comprehensiveIncomeNetOfTax": "724000000",
            "ebit": "1505000000",
            "ebitda": "1491000000",
            "netIncome": "1129000000"
        },
        {
            "fiscalDateEnding": "2020-12-31",
            "reportedCurrency": "USD",
            "grossProfit": "-1540000000",
            "totalRevenue": "549000000",
            "costOfRevenue": "2089000000",
            "costofGoodsAndServicesSold": "None",
            "operatingIncome": "-1853000000",
            "sellingGeneralAndAdministrative": "227000000",
            "researchAndDevelopment": "None",
            "operatingExpenses": "313000000",
            "investmentIncomeNet": "304000000",
            "netInterestIncome": "2216000000",
            "interestIncome": "2368000000",
            "interestExpense": "152000000",
            "nonInterestIncome": "574000000",
            "otherNonOperatingIncome": "None",
            "depreciation": "None",
            "depreciationAndAmortization": "86000000",
            "incomeBeforeTax": "672000000",
            "incomeTaxExpense": "133000000",
            "interestAndDebtExpense": "152000000",
            "netIncomeFromContinuingOperations": "-3665000000",
            "comprehensiveIncomeNetOfTax": "821000000",
            "ebit": "824000000",
            "ebitda": "910000000",
            "netIncome": "539000000"
        },
        {
            "fiscalDateEnding": "2019-12-31",
            "reportedCurrency": "USD",
            "grossProfit": "1030000000",
            "totalRevenue": "525000000",
            "costOfRevenue": "1779000000",
            "costofGoodsAndServicesSold": "None",
            "operatingIncome": "616000000",
            "sellingGeneralAndAdministrative": "226000000",
            "researchAndDevelopment": "None",
            "operatingExpenses": "414000000",
            "investmentIncomeNet": "362000000",
            "netInterestIncome": "2272000000",
            "interestIncome": "2683000000",
            "interestExpense": "411000000",
            "nonInterestIncome": "562000000",
            "otherNonOperatingIncome": "362000000",
            "depreciation": "None",
            "depreciationAndAmortization": "188000000",
            "incomeBeforeTax": "1053000000",
            "incomeTaxExpense": "237000000",
            "interestAndDebtExpense": "411000000",
            "netIncomeFromContinuingOperations": "-1329000000",
            "comprehensiveIncomeNetOfTax": "1109000000",
            "ebit": "1464000000",
            "ebitda": "1652000000",
            "netIncome": "816000000"
        },
        {
            "fiscalDateEnding": "2018-12-31",
            "reportedCurrency": "USD",
            "grossProfit": "1214000000",
            "totalRevenue": "508000000",
            "costOfRevenue": "1638000000",
            "costofGoodsAndServicesSold": "212000000",
            "operatingIncome": "726000000",
            "sellingGeneralAndAdministrative": "295000000",
            "researchAndDevelopment": "None",
            "operatingExpenses": "488000000",
            "investmentIncomeNet": "350000000",
            "netInterestIncome": "2230000000",
            "interestIncome": "2481000000",
            "interestExpense": "251000000",
            "nonInterestIncome": "552000000",
            "otherNonOperatingIncome": "43000000",
            "depreciation": "None",
            "depreciationAndAmortization": "193000000",
            "incomeBeforeTax": "1143000000",
            "incomeTaxExpense": "259000000",
            "interestAndDebtExpense": "251000000",
            "netIncomeFromContinuingOperations": "-1168000000",
            "comprehensiveIncomeNetOfTax": "773000000",
            "ebit": "1394000000",
            "ebitda": "1587000000",
            "netIncome": "884000000"
        }
    ],
    "quarterlyReports": [
        {
            "fiscalDateEnding": "2022-12-31",
            "reportedCurrency": "USD",
            "grossProfit": "402000000",
            "totalRevenue": "153000000",
            "costOfRevenue": "471000000",
            "costofGoodsAndServicesSold": "None",
            "operatingIncome": "402000000",
            "sellingGeneralAndAdministrative": "136000000",
            "researchAndDevelopment": "None",
            "operatingExpenses": "167000000",
            "investmentIncomeNet": "None",
            "netInterestIncome": "720000000",
            "interestIncome": "835000000",
            "interestExpense": "115000000",
            "nonInterestIncome": "153000000",
            "otherNonOperatingIncome": "None",
            "depreciation": "None",
            "depreciationAndAmortization": "31000000",
            "incomeBeforeTax": "359000000",
            "incomeTaxExpense": "75000000",
            "interestAndDebtExpense": "115000000",
            "netIncomeFromContinuingOperations": "-69000000",
            "comprehensiveIncomeNetOfTax": "312000000",
            "ebit": "474000000",
            "ebitda": "505000000",
            "netIncome": "284000000"
        },
        {
            "fiscalDateEnding": "2022-09-30",
            "reportedCurrency": "USD",
            "grossProfit": "-323000000",
            "totalRevenue": "156000000",
            "costOfRevenue": "479000000",
            "costofGoodsAndServicesSold": "None",
            "operatingIncome": "-428000000",
            "sellingGeneralAndAdministrative": "105000000",
            "researchAndDevelopment": "None",
            "operatingExpenses": "105000000",
            "investmentIncomeNet": "132000000",
            "netInterestIncome": "663000000",
            "interestIncome": "707000000",
            "interestExpense": "44000000",
            "nonInterestIncome": "165000000",
            "otherNonOperatingIncome": "None",
            "depreciation": "None",
            "depreciationAndAmortization": "34000000",
            "incomeBeforeTax": "278000000",
            "incomeTaxExpense": "61000000",
            "interestAndDebtExpense": "44000000",
            "netIncomeFromContinuingOperations": "-969000000",
            "comprehensiveIncomeNetOfTax": "-823000000",
            "ebit": "322000000",
            "ebitda": "356000000",
            "netIncome": "217000000"
        },
        {
            "fiscalDateEnding": "2022-06-30",
            "reportedCurrency": "USD",
            "grossProfit": "-310000000",
            "totalRevenue": "154000000",
            "costOfRevenue": "464000000",
            "costofGoodsAndServicesSold": "None",
            "operatingIncome": "-413000000",
            "sellingGeneralAndAdministrative": "103000000",
            "researchAndDevelopment": "None",
            "operatingExpenses": "103000000",
            "investmentIncomeNet": "128000000",
            "netInterestIncome": "593000000",
            "interestIncome": "608000000",
            "interestExpense": "15000000",
            "nonInterestIncome": "172000000",
            "otherNonOperatingIncome": "None",
            "depreciation": "None",
            "depreciationAndAmortization": "26000000",
            "incomeBeforeTax": "260000000",
            "incomeTaxExpense": "57000000",
            "interestAndDebtExpense": "15000000",
            "netIncomeFromContinuingOperations": "-927000000",
            "comprehensiveIncomeNetOfTax": "-551000000",
            "ebit": "275000000",
            "ebitda": "301000000",
            "netIncome": "203000000"
        },
        {
            "fiscalDateEnding": "2022-03-31",
            "reportedCurrency": "USD",
            "grossProfit": "-284000000",
            "totalRevenue": "151000000",
            "costOfRevenue": "435000000",
            "costofGoodsAndServicesSold": "None",
            "operatingIncome": "-407000000",
            "sellingGeneralAndAdministrative": "104000000",
            "researchAndDevelopment": "None",
            "operatingExpenses": "123000000",
            "investmentIncomeNet": "112000000",
            "netInterestIncome": "544000000",
            "interestIncome": "555000000",
            "interestExpense": "11000000",
            "nonInterestIncome": "142000000",
            "otherNonOperatingIncome": "None",
            "depreciation": "None",
            "depreciationAndAmortization": "19000000",
            "incomeBeforeTax": "255000000",
            "incomeTaxExpense": "52000000",
            "interestAndDebtExpense": "11000000",
            "netIncomeFromContinuingOperations": "-921000000",
            "comprehensiveIncomeNetOfTax": "-1063000000",
            "ebit": "266000000",
            "ebitda": "285000000",
            "netIncome": "203000000"
        },
        {
            "fiscalDateEnding": "2021-12-31",
            "reportedCurrency": "USD",
            "grossProfit": "294000000",
            "totalRevenue": "152000000",
            "costOfRevenue": "449000000",
            "costofGoodsAndServicesSold": "None",
            "operatingIncome": "294000000",
            "sellingGeneralAndAdministrative": "81000000",
            "researchAndDevelopment": "None",
            "operatingExpenses": "89000000",
            "investmentIncomeNet": "88000000",
            "netInterestIncome": "553000000",
            "interestIncome": "566000000",
            "interestExpense": "13000000",
            "nonInterestIncome": "190000000",
            "otherNonOperatingIncome": "None",
            "depreciation": "None",
            "depreciationAndAmortization": "8000000",
            "incomeBeforeTax": "269000000",
            "incomeTaxExpense": "56000000",
            "interestAndDebtExpense": "13000000",
            "netIncomeFromContinuingOperations": "-155000000",
            "comprehensiveIncomeNetOfTax": "69000000",
            "ebit": "282000000",
            "ebitda": "290000000",
            "netIncome": "213000000"
        },
        {
            "fiscalDateEnding": "2021-09-30",
            "reportedCurrency": "USD",
            "grossProfit": "-233000000",
            "totalRevenue": "151000000",
            "costOfRevenue": "384000000",
            "costofGoodsAndServicesSold": "None",
            "operatingIncome": "-286000000",
            "sellingGeneralAndAdministrative": "53000000",
            "researchAndDevelopment": "None",
            "operatingExpenses": "53000000",
            "investmentIncomeNet": "78000000",
            "netInterestIncome": "555000000",
            "interestIncome": "569000000",
            "interestExpense": "14000000",
            "nonInterestIncome": "139000000",
            "otherNonOperatingIncome": "None",
            "depreciation": "None",
            "depreciationAndAmortization": "-11000000",
            "incomeBeforeTax": "311000000",
            "incomeTaxExpense": "71000000",
            "interestAndDebtExpense": "14000000",
            "netIncomeFromContinuingOperations": "-777000000",
            "comprehensiveIncomeNetOfTax": "129000000",
            "ebit": "325000000",
            "ebitda": "314000000",
            "netIncome": "240000000"
        },
        {
            "fiscalDateEnding": "2021-06-30",
            "reportedCurrency": "USD",
            "grossProfit": "-176000000",
            "totalRevenue": "139000000",
            "costOfRevenue": "315000000",
            "costofGoodsAndServicesSold": "None",
            "operatingIncome": "-230000000",
            "sellingGeneralAndAdministrative": "54000000",
            "researchAndDevelopment": "None",
            "operatingExpenses": "54000000",
            "investmentIncomeNet": "74000000",
            "netInterestIncome": "555000000",
            "interestIncome": "570000000",
            "interestExpense": "15000000",
            "nonInterestIncome": "205000000",
            "otherNonOperatingIncome": "None",
            "depreciation": "None",
            "depreciationAndAmortization": "-8000000",
            "incomeBeforeTax": "455000000",
            "incomeTaxExpense": "101000000",
            "interestAndDebtExpense": "15000000",
            "netIncomeFromContinuingOperations": "-751000000",
            "comprehensiveIncomeNetOfTax": "381000000",
            "ebit": "470000000",
            "ebitda": "462000000",
            "netIncome": "354000000"
        },
        {
            "fiscalDateEnding": "2021-03-31",
            "reportedCurrency": "USD",
            "grossProfit": "-179000000",
            "totalRevenue": "133000000",
            "costOfRevenue": "312000000",
            "costofGoodsAndServicesSold": "None",
            "operatingIncome": "-234000000",
            "sellingGeneralAndAdministrative": "58000000",
            "researchAndDevelopment": "None",
            "operatingExpenses": "55000000",
            "investmentIncomeNet": "71000000",
            "netInterestIncome": "545000000",
            "interestIncome": "562000000",
            "interestExpense": "17000000",
            "nonInterestIncome": "169000000",
            "otherNonOperatingIncome": "None",
            "depreciation": "None",
            "depreciationAndAmortization": "-3000000",
            "incomeBeforeTax": "411000000",
            "incomeTaxExpense": "89000000",
            "interestAndDebtExpense": "17000000",
            "netIncomeFromContinuingOperations": "-751000000",
            "comprehensiveIncomeNetOfTax": "145000000",
            "ebit": "428000000",
            "ebitda": "425000000",
            "netIncome": "322000000"
        },
        {
            "fiscalDateEnding": "2020-12-31",
            "reportedCurrency": "USD",
            "grossProfit": "292000000",
            "totalRevenue": "138000000",
            "costOfRevenue": "424000000",
            "costofGoodsAndServicesSold": "None",
            "operatingIncome": "292000000",
            "sellingGeneralAndAdministrative": "83000000",
            "researchAndDevelopment": "None",
            "operatingExpenses": "66000000",
            "investmentIncomeNet": "69000000",
            "netInterestIncome": "550000000",
            "interestIncome": "570000000",
            "interestExpense": "20000000",
            "nonInterestIncome": "166000000",
            "otherNonOperatingIncome": "None",
            "depreciation": "None",
            "depreciationAndAmortization": "11000000",
            "incomeBeforeTax": "359000000",
            "incomeTaxExpense": "75000000",
            "interestAndDebtExpense": "20000000",
            "netIncomeFromContinuingOperations": "-132000000",
            "comprehensiveIncomeNetOfTax": "277000000",
            "ebit": "379000000",
            "ebitda": "390000000",
            "netIncome": "284000000"
        },
        {
            "fiscalDateEnding": "2020-09-30",
            "reportedCurrency": "USD",
            "grossProfit": "-348000000",
            "totalRevenue": "139000000",
            "costOfRevenue": "487000000",
            "costofGoodsAndServicesSold": "None",
            "operatingIncome": "-400000000",
            "sellingGeneralAndAdministrative": "52000000",
            "researchAndDevelopment": "None",
            "operatingExpenses": "52000000",
            "investmentIncomeNet": "74000000",
            "netInterestIncome": "555000000",
            "interestIncome": "581000000",
            "interestExpense": "26000000",
            "nonInterestIncome": "157000000",
            "otherNonOperatingIncome": "None",
            "depreciation": "None",
            "depreciationAndAmortization": "12000000",
            "incomeBeforeTax": "215000000",
            "incomeTaxExpense": "40000000",
            "interestAndDebtExpense": "26000000",
            "netIncomeFromContinuingOperations": "-875000000",
            "comprehensiveIncomeNetOfTax": "152000000",
            "ebit": "241000000",
            "ebitda": "253000000",
            "netIncome": "175000000"
        },
        {
            "fiscalDateEnding": "2020-06-30",
            "reportedCurrency": "USD",
            "grossProfit": "-76000000",
            "totalRevenue": "130000000",
            "costOfRevenue": "591000000",
            "costofGoodsAndServicesSold": "None",
            "operatingIncome": "-149000000",
            "sellingGeneralAndAdministrative": "45000000",
            "researchAndDevelopment": "None",
            "operatingExpenses": "73000000",
            "investmentIncomeNet": "80000000",
            "netInterestIncome": "563000000",
            "interestIncome": "595000000",
            "interestExpense": "32000000",
            "nonInterestIncome": "117000000",
            "otherNonOperatingIncome": "None",
            "depreciation": "None",
            "depreciationAndAmortization": "18000000",
            "incomeBeforeTax": "82000000",
            "incomeTaxExpense": "16000000",
            "interestAndDebtExpense": "32000000",
            "netIncomeFromContinuingOperations": "-592000000",
            "comprehensiveIncomeNetOfTax": "162000000",
            "ebit": "114000000",
            "ebitda": "132000000",
            "netIncome": "66000000"
        },
        {
            "fiscalDateEnding": "2020-03-31",
            "reportedCurrency": "USD",
            "grossProfit": "-221000000",
            "totalRevenue": "143000000",
            "costOfRevenue": "648000000",
            "costofGoodsAndServicesSold": "-51000000",
            "operatingIncome": "-314000000",
            "sellingGeneralAndAdministrative": "48000000",
            "researchAndDevelopment": "None",
            "operatingExpenses": "93000000",
            "investmentIncomeNet": "82000000",
            "netInterestIncome": "548000000",
            "interestIncome": "622000000",
            "interestExpense": "74000000",
            "nonInterestIncome": "134000000",
            "otherNonOperatingIncome": "82000000",
            "depreciation": "None",
            "depreciationAndAmortization": "45000000",
            "incomeBeforeTax": "16000000",
            "incomeTaxExpense": "2000000",
            "interestAndDebtExpense": "74000000",
            "netIncomeFromContinuingOperations": "-721000000",
            "comprehensiveIncomeNetOfTax": "230000000",
            "ebit": "90000000",
            "ebitda": "135000000",
            "netIncome": "14000000"
        },
        {
            "fiscalDateEnding": "2019-12-31",
            "reportedCurrency": "USD",
            "grossProfit": "239000000",
            "totalRevenue": "133000000",
            "costOfRevenue": "472000000",
            "costofGoodsAndServicesSold": "None",
            "operatingIncome": "239000000",
            "sellingGeneralAndAdministrative": "77000000",
            "researchAndDevelopment": "None",
            "operatingExpenses": "122000000",
            "investmentIncomeNet": "83000000",
            "netInterestIncome": "559000000",
            "interestIncome": "647000000",
            "interestExpense": "88000000",
            "nonInterestIncome": "152000000",
            "otherNonOperatingIncome": "83000000",
            "depreciation": "None",
            "depreciationAndAmortization": "45000000",
            "incomeBeforeTax": "235000000",
            "incomeTaxExpense": "52000000",
            "interestAndDebtExpense": "88000000",
            "netIncomeFromContinuingOperations": "-233000000",
            "comprehensiveIncomeNetOfTax": "177000000",
            "ebit": "323000000",
            "ebitda": "368000000",
            "netIncome": "183000000"
        },
        {
            "fiscalDateEnding": "2019-09-30",
            "reportedCurrency": "USD",
            "grossProfit": "283000000",
            "totalRevenue": "140000000",
            "costOfRevenue": "423000000",
            "costofGoodsAndServicesSold": "-69000000",
            "operatingIncome": "233000000",
            "sellingGeneralAndAdministrative": "50000000",
            "researchAndDevelopment": "None",
            "operatingExpenses": "50000000",
            "investmentIncomeNet": "88000000",
            "netInterestIncome": "567000000",
            "interestIncome": "677000000",
            "interestExpense": "110000000",
            "nonInterestIncome": "146000000",
            "otherNonOperatingIncome": "88000000",
            "depreciation": "None",
            "depreciationAndAmortization": "50000000",
            "incomeBeforeTax": "288000000",
            "incomeTaxExpense": "66000000",
            "interestAndDebtExpense": "110000000",
            "netIncomeFromContinuingOperations": "-242000000",
            "comprehensiveIncomeNetOfTax": "245000000",
            "ebit": "398000000",
            "ebitda": "448000000",
            "netIncome": "222000000"
        },
        {
            "fiscalDateEnding": "2019-06-30",
            "reportedCurrency": "USD",
            "grossProfit": "239000000",
            "totalRevenue": "683000000",
            "costOfRevenue": "444000000",
            "costofGoodsAndServicesSold": "-66000000",
            "operatingIncome": "189000000",
            "sellingGeneralAndAdministrative": "50000000",
            "researchAndDevelopment": "None",
            "operatingExpenses": "50000000",
            "investmentIncomeNet": "95000000",
            "netInterestIncome": "569000000",
            "interestIncome": "684000000",
            "interestExpense": "115000000",
            "nonInterestIncome": "132000000",
            "otherNonOperatingIncome": "95000000",
            "depreciation": "None",
            "depreciationAndAmortization": "49000000",
            "incomeBeforeTax": "256000000",
            "incomeTaxExpense": "58000000",
            "interestAndDebtExpense": "115000000",
            "netIncomeFromContinuingOperations": "-284000000",
            "comprehensiveIncomeNetOfTax": "345000000",
            "ebit": "371000000",
            "ebitda": "420000000",
            "netIncome": "198000000"
        },
        {
            "fiscalDateEnding": "2019-03-31",
            "reportedCurrency": "USD",
            "grossProfit": "278000000",
            "totalRevenue": "712000000",
            "costOfRevenue": "434000000",
            "costofGoodsAndServicesSold": "-57000000",
            "operatingIncome": "185000000",
            "sellingGeneralAndAdministrative": "49000000",
            "researchAndDevelopment": "None",
            "operatingExpenses": "93000000",
            "investmentIncomeNet": "96000000",
            "netInterestIncome": "576000000",
            "interestIncome": "675000000",
            "interestExpense": "99000000",
            "nonInterestIncome": "132000000",
            "otherNonOperatingIncome": "96000000",
            "depreciation": "None",
            "depreciationAndAmortization": "44000000",
            "incomeBeforeTax": "274000000",
            "incomeTaxExpense": "61000000",
            "interestAndDebtExpense": "99000000",
            "netIncomeFromContinuingOperations": "-297000000",
            "comprehensiveIncomeNetOfTax": "341000000",
            "ebit": "373000000",
            "ebitda": "417000000",
            "netIncome": "213000000"
        },
        {
            "fiscalDateEnding": "2018-12-31",
            "reportedCurrency": "USD",
            "grossProfit": "283000000",
            "totalRevenue": "728000000",
            "costOfRevenue": "426000000",
            "costofGoodsAndServicesSold": "87000000",
            "operatingIncome": "283000000",
            "sellingGeneralAndAdministrative": "142000000",
            "researchAndDevelopment": "None",
            "operatingExpenses": "194000000",
            "investmentIncomeNet": "93000000",
            "netInterestIncome": "576000000",
            "interestIncome": "656000000",
            "interestExpense": "80000000",
            "nonInterestIncome": "140000000",
            "otherNonOperatingIncome": "-214000000",
            "depreciation": "None",
            "depreciationAndAmortization": "52000000",
            "incomeBeforeTax": "290000000",
            "incomeTaxExpense": "64000000",
            "interestAndDebtExpense": "80000000",
            "netIncomeFromContinuingOperations": "-136000000",
            "comprehensiveIncomeNetOfTax": "337000000",
            "ebit": "370000000",
            "ebitda": "422000000",
            "netIncome": "226000000"
        },
        {
            "fiscalDateEnding": "2018-09-30",
            "reportedCurrency": "USD",
            "grossProfit": "310000000",
            "totalRevenue": "719000000",
            "costOfRevenue": "409000000",
            "costofGoodsAndServicesSold": "-38000000",
            "operatingIncome": "208000000",
            "sellingGeneralAndAdministrative": "53000000",
            "researchAndDevelopment": "None",
            "operatingExpenses": "102000000",
            "investmentIncomeNet": "86000000",
            "netInterestIncome": "565000000",
            "interestIncome": "631000000",
            "interestExpense": "66000000",
            "nonInterestIncome": "136000000",
            "otherNonOperatingIncome": "86000000",
            "depreciation": "None",
            "depreciationAndAmortization": "49000000",
            "incomeBeforeTax": "292000000",
            "incomeTaxExpense": "69000000",
            "interestAndDebtExpense": "66000000",
            "netIncomeFromContinuingOperations": "-270000000",
            "comprehensiveIncomeNetOfTax": "178000000",
            "ebit": "358000000",
            "ebitda": "407000000",
            "netIncome": "223000000"
        },
        {
            "fiscalDateEnding": "2018-06-30",
            "reportedCurrency": "USD",
            "grossProfit": "241000000",
            "totalRevenue": "681000000",
            "costOfRevenue": "440000000",
            "costofGoodsAndServicesSold": "-29000000",
            "operatingIncome": "-127000000",
            "sellingGeneralAndAdministrative": "319000000",
            "researchAndDevelopment": "None",
            "operatingExpenses": "368000000",
            "investmentIncomeNet": "85000000",
            "netInterestIncome": "548000000",
            "interestIncome": "606000000",
            "interestExpense": "58000000",
            "nonInterestIncome": "138000000",
            "otherNonOperatingIncome": "85000000",
            "depreciation": "None",
            "depreciationAndAmortization": "49000000",
            "incomeBeforeTax": "253000000",
            "incomeTaxExpense": "56000000",
            "interestAndDebtExpense": "58000000",
            "netIncomeFromContinuingOperations": "-600000000",
            "comprehensiveIncomeNetOfTax": "148000000",
            "ebit": "311000000",
            "ebitda": "360000000",
            "netIncome": "197000000"
        },
        {
            "fiscalDateEnding": "2018-03-31",
            "reportedCurrency": "USD",
            "grossProfit": "355000000",
            "totalRevenue": "720000000",
            "costOfRevenue": "365000000",
            "costofGoodsAndServicesSold": "-20000000",
            "operatingIncome": "-5000000",
            "sellingGeneralAndAdministrative": "317000000",
            "researchAndDevelopment": "None",
            "operatingExpenses": "360000000",
            "investmentIncomeNet": "86000000",
            "netInterestIncome": "541000000",
            "interestIncome": "588000000",
            "interestExpense": "47000000",
            "nonInterestIncome": "138000000",
            "otherNonOperatingIncome": "86000000",
            "depreciation": "None",
            "depreciationAndAmortization": "43000000",
            "incomeBeforeTax": "308000000",
            "incomeTaxExpense": "70000000",
            "interestAndDebtExpense": "47000000",
            "netIncomeFromContinuingOperations": "-476000000",
            "comprehensiveIncomeNetOfTax": "110000000",
            "ebit": "355000000",
            "ebitda": "398000000",
            "netIncome": "238000000"
        }
    ]
}