{
    "symbol": "PEG",
    "annualReports": [
        {
            "fiscalDateEnding": "2022-12-31",
            "reportedCurrency": "USD",
            "grossProfit": "4924000000",
            "totalRevenue": "9800000000",
            "costOfRevenue": "4876000000",
            "costofGoodsAndServicesSold": "5118000000",
            "operatingIncome": "1381000000",
            "sellingGeneralAndAdministrative": "29000000",
            "researchAndDevelopment": "None",
            "operatingExpenses": "257000000",
            "investmentIncomeNet": "62000000",
            "netInterestIncome": "-628000000",
            "interestIncome": "879000000",
            "interestExpense": "628000000",
            "nonInterestIncome": "9485000000",
            "otherNonOperatingIncome": "124000000",
            "depreciation": "None",
            "depreciationAndAmortization": "55000000",
            "incomeBeforeTax": "1002000000",
            "incomeTaxExpense": "-29000000",
            "interestAndDebtExpense": "628000000",
            "netIncomeFromContinuingOperations": "1031000000",
            "comprehensiveIncomeNetOfTax": "831000000",
            "ebit": "1630000000",
            "ebitda": "1685000000",
            "netIncome": "1031000000"
        },
        {
            "fiscalDateEnding": "2021-12-31",
            "reportedCurrency": "USD",
            "grossProfit": "2411000000",
            "totalRevenue": "9722000000",
            "costOfRevenue": "7311000000",
            "costofGoodsAndServicesSold": "4715000000",
            "operatingIncome": "-856000000",
            "sellingGeneralAndAdministrative": "28000000",
            "researchAndDevelopment": "None",
            "operatingExpenses": "5552000000",
            "investmentIncomeNet": "59000000",
            "netInterestIncome": "-571000000",
            "interestIncome": "289000000",
            "interestExpense": "571000000",
            "nonInterestIncome": "10884000000",
            "otherNonOperatingIncome": "98000000",
            "depreciation": "None",
            "depreciationAndAmortization": "138000000",
            "incomeBeforeTax": "-1089000000",
            "incomeTaxExpense": "-441000000",
            "interestAndDebtExpense": "869000000",
            "netIncomeFromContinuingOperations": "-648000000",
            "comprehensiveIncomeNetOfTax": "-494000000",
            "ebit": "-518000000",
            "ebitda": "-380000000",
            "netIncome": "-648000000"
        },
        {
            "fiscalDateEnding": "2020-12-31",
            "reportedCurrency": "USD",
            "grossProfit": "6542000000",
            "totalRevenue": "9603000000",
            "costOfRevenue": "3061000000",
            "costofGoodsAndServicesSold": "3056000000",
            "operatingIncome": "2270000000",
            "sellingGeneralAndAdministrative": "35000000",
            "researchAndDevelopment": "None",
            "operatingExpenses": "7333000000",
            "investmentIncomeNet": "52000000",
            "netInterestIncome": "-600000000",
            "interestIncome": "266000000",
            "interestExpense": "600000000",
            "nonInterestIncome": "9236000000",
            "otherNonOperatingIncome": "115000000",
            "depreciation": "None",
            "depreciationAndAmortization": "151000000",
            "incomeBeforeTax": "2301000000",
            "incomeTaxExpense": "396000000",
            "interestAndDebtExpense": "600000000",
            "netIncomeFromContinuingOperations": "1905000000",
            "comprehensiveIncomeNetOfTax": "1890000000",
            "ebit": "2901000000",
            "ebitda": "3052000000",
            "netIncome": "1905000000"
        },
        {
            "fiscalDateEnding": "2019-12-31",
            "reportedCurrency": "USD",
            "grossProfit": "6668000000",
            "totalRevenue": "10076000000",
            "costOfRevenue": "3408000000",
            "costofGoodsAndServicesSold": "3372000000",
            "operatingIncome": "1943000000",
            "sellingGeneralAndAdministrative": "33000000",
            "researchAndDevelopment": "None",
            "operatingExpenses": "8133000000",
            "investmentIncomeNet": "57000000",
            "netInterestIncome": "-569000000",
            "interestIncome": "16000000",
            "interestExpense": "569000000",
            "nonInterestIncome": "9749000000",
            "otherNonOperatingIncome": "125000000",
            "depreciation": "None",
            "depreciationAndAmortization": "108000000",
            "incomeBeforeTax": "1950000000",
            "incomeTaxExpense": "257000000",
            "interestAndDebtExpense": "569000000",
            "netIncomeFromContinuingOperations": "1693000000",
            "comprehensiveIncomeNetOfTax": "1662000000",
            "ebit": "2519000000",
            "ebitda": "2627000000",
            "netIncome": "1693000000"
        },
        {
            "fiscalDateEnding": "2018-12-31",
            "reportedCurrency": "USD",
            "grossProfit": "6328000000",
            "totalRevenue": "9696000000",
            "costOfRevenue": "3368000000",
            "costofGoodsAndServicesSold": "3225000000",
            "operatingIncome": "2298000000",
            "sellingGeneralAndAdministrative": "30000000",
            "researchAndDevelopment": "None",
            "operatingExpenses": "7398000000",
            "investmentIncomeNet": "52000000",
            "netInterestIncome": "-476000000",
            "interestIncome": "18000000",
            "interestExpense": "476000000",
            "nonInterestIncome": "9200000000",
            "otherNonOperatingIncome": "85000000",
            "depreciation": "None",
            "depreciationAndAmortization": "97000000",
            "incomeBeforeTax": "1855000000",
            "incomeTaxExpense": "417000000",
            "interestAndDebtExpense": "476000000",
            "netIncomeFromContinuingOperations": "1438000000",
            "comprehensiveIncomeNetOfTax": "1466000000",
            "ebit": "2331000000",
            "ebitda": "2428000000",
            "netIncome": "1438000000"
        }
    ],
    "quarterlyReports": [
        {
            "fiscalDateEnding": "2022-12-31",
            "reportedCurrency": "USD",
            "grossProfit": "1918000000",
            "totalRevenue": "3139000000",
            "costOfRevenue": "1221000000",
            "costofGoodsAndServicesSold": "1274000000",
            "operatingIncome": "964000000",
            "sellingGeneralAndAdministrative": "None",
            "researchAndDevelopment": "None",
            "operatingExpenses": "74000000",
            "investmentIncomeNet": "15000000",
            "netInterestIncome": "-178000000",
            "interestIncome": "93000000",
            "interestExpense": "178000000",
            "nonInterestIncome": "983000000",
            "otherNonOperatingIncome": "38000000",
            "depreciation": "None",
            "depreciationAndAmortization": "5000000",
            "incomeBeforeTax": "1003000000",
            "incomeTaxExpense": "215000000",
            "interestAndDebtExpense": "178000000",
            "netIncomeFromContinuingOperations": "788000000",
            "comprehensiveIncomeNetOfTax": "731000000",
            "ebit": "1181000000",
            "ebitda": "1186000000",
            "netIncome": "788000000"
        },
        {
            "fiscalDateEnding": "2022-09-30",
            "reportedCurrency": "USD",
            "grossProfit": "1084000000",
            "totalRevenue": "2272000000",
            "costOfRevenue": "1188000000",
            "costofGoodsAndServicesSold": "1282000000",
            "operatingIncome": "173000000",
            "sellingGeneralAndAdministrative": "None",
            "researchAndDevelopment": "None",
            "operatingExpenses": "52000000",
            "investmentIncomeNet": "17000000",
            "netInterestIncome": "-163000000",
            "interestIncome": "255000000",
            "interestExpense": "163000000",
            "nonInterestIncome": "2874000000",
            "otherNonOperatingIncome": "43000000",
            "depreciation": "None",
            "depreciationAndAmortization": "10000000",
            "incomeBeforeTax": "55000000",
            "incomeTaxExpense": "-59000000",
            "interestAndDebtExpense": "163000000",
            "netIncomeFromContinuingOperations": "114000000",
            "comprehensiveIncomeNetOfTax": "76000000",
            "ebit": "218000000",
            "ebitda": "228000000",
            "netIncome": "114000000"
        },
        {
            "fiscalDateEnding": "2022-06-30",
            "reportedCurrency": "USD",
            "grossProfit": "1136000000",
            "totalRevenue": "2076000000",
            "costOfRevenue": "940000000",
            "costofGoodsAndServicesSold": "1034000000",
            "operatingIncome": "296000000",
            "sellingGeneralAndAdministrative": "None",
            "researchAndDevelopment": "None",
            "operatingExpenses": "-5000000",
            "investmentIncomeNet": "16000000",
            "netInterestIncome": "-150000000",
            "interestIncome": "19000000",
            "interestExpense": "150000000",
            "nonInterestIncome": "2348000000",
            "otherNonOperatingIncome": "38000000",
            "depreciation": "None",
            "depreciationAndAmortization": "12000000",
            "incomeBeforeTax": "98000000",
            "incomeTaxExpense": "-33000000",
            "interestAndDebtExpense": "150000000",
            "netIncomeFromContinuingOperations": "131000000",
            "comprehensiveIncomeNetOfTax": "86000000",
            "ebit": "248000000",
            "ebitda": "260000000",
            "netIncome": "131000000"
        },
        {
            "fiscalDateEnding": "2022-03-31",
            "reportedCurrency": "USD",
            "grossProfit": "808000000",
            "totalRevenue": "2313000000",
            "costOfRevenue": "1505000000",
            "costofGoodsAndServicesSold": "1528000000",
            "operatingIncome": "-52000000",
            "sellingGeneralAndAdministrative": "None",
            "researchAndDevelopment": "None",
            "operatingExpenses": "114000000",
            "investmentIncomeNet": "14000000",
            "netInterestIncome": "-137000000",
            "interestIncome": "17000000",
            "interestExpense": "137000000",
            "nonInterestIncome": "3280000000",
            "otherNonOperatingIncome": "5000000",
            "depreciation": "None",
            "depreciationAndAmortization": "28000000",
            "incomeBeforeTax": "-154000000",
            "incomeTaxExpense": "-152000000",
            "interestAndDebtExpense": "137000000",
            "netIncomeFromContinuingOperations": "-2000000",
            "comprehensiveIncomeNetOfTax": "-62000000",
            "ebit": "-17000000",
            "ebitda": "11000000",
            "netIncome": "-2000000"
        },
        {
            "fiscalDateEnding": "2021-12-31",
            "reportedCurrency": "USD",
            "grossProfit": "-944000000",
            "totalRevenue": "3056000000",
            "costOfRevenue": "4000000000",
            "costofGoodsAndServicesSold": "1274000000",
            "operatingIncome": "902000000",
            "sellingGeneralAndAdministrative": "None",
            "researchAndDevelopment": "None",
            "operatingExpenses": "2821000000",
            "investmentIncomeNet": "14000000",
            "netInterestIncome": "-134000000",
            "interestIncome": "43000000",
            "interestExpense": "134000000",
            "nonInterestIncome": "3107000000",
            "otherNonOperatingIncome": "5000000",
            "depreciation": "None",
            "depreciationAndAmortization": "22000000",
            "incomeBeforeTax": "631000000",
            "incomeTaxExpense": "186000000",
            "interestAndDebtExpense": "432000000",
            "netIncomeFromContinuingOperations": "445000000",
            "comprehensiveIncomeNetOfTax": "619000000",
            "ebit": "765000000",
            "ebitda": "787000000",
            "netIncome": "445000000"
        },
        {
            "fiscalDateEnding": "2021-09-30",
            "reportedCurrency": "USD",
            "grossProfit": "842000000",
            "totalRevenue": "1903000000",
            "costOfRevenue": "1061000000",
            "costofGoodsAndServicesSold": "1143000000",
            "operatingIncome": "-2205000000",
            "sellingGeneralAndAdministrative": "None",
            "researchAndDevelopment": "None",
            "operatingExpenses": "2158000000",
            "investmentIncomeNet": "18000000",
            "netInterestIncome": "-144000000",
            "interestIncome": "21000000",
            "interestExpense": "144000000",
            "nonInterestIncome": "2759000000",
            "otherNonOperatingIncome": "35000000",
            "depreciation": "None",
            "depreciationAndAmortization": "34000000",
            "incomeBeforeTax": "-2246000000",
            "incomeTaxExpense": "-682000000",
            "interestAndDebtExpense": "144000000",
            "netIncomeFromContinuingOperations": "-1564000000",
            "comprehensiveIncomeNetOfTax": "-1566000000",
            "ebit": "-2102000000",
            "ebitda": "-2068000000",
            "netIncome": "-1564000000"
        },
        {
            "fiscalDateEnding": "2021-06-30",
            "reportedCurrency": "USD",
            "grossProfit": "1350000000",
            "totalRevenue": "1874000000",
            "costOfRevenue": "524000000",
            "costofGoodsAndServicesSold": "606000000",
            "operatingIncome": "-294000000",
            "sellingGeneralAndAdministrative": "None",
            "researchAndDevelopment": "None",
            "operatingExpenses": "457000000",
            "investmentIncomeNet": "14000000",
            "netInterestIncome": "-147000000",
            "interestIncome": "60000000",
            "interestExpense": "147000000",
            "nonInterestIncome": "2164000000",
            "otherNonOperatingIncome": "33000000",
            "depreciation": "None",
            "depreciationAndAmortization": "39000000",
            "incomeBeforeTax": "-239000000",
            "incomeTaxExpense": "-62000000",
            "interestAndDebtExpense": "147000000",
            "netIncomeFromContinuingOperations": "-177000000",
            "comprehensiveIncomeNetOfTax": "-157000000",
            "ebit": "-92000000",
            "ebitda": "-53000000",
            "netIncome": "-177000000"
        },
        {
            "fiscalDateEnding": "2021-03-31",
            "reportedCurrency": "USD",
            "grossProfit": "1899000000",
            "totalRevenue": "2889000000",
            "costOfRevenue": "990000000",
            "costofGoodsAndServicesSold": "1029000000",
            "operatingIncome": "741000000",
            "sellingGeneralAndAdministrative": "None",
            "researchAndDevelopment": "None",
            "operatingExpenses": "43000000",
            "investmentIncomeNet": "13000000",
            "netInterestIncome": "-146000000",
            "interestIncome": "16000000",
            "interestExpense": "146000000",
            "nonInterestIncome": "2854000000",
            "otherNonOperatingIncome": "25000000",
            "depreciation": "None",
            "depreciationAndAmortization": "43000000",
            "incomeBeforeTax": "765000000",
            "incomeTaxExpense": "117000000",
            "interestAndDebtExpense": "146000000",
            "netIncomeFromContinuingOperations": "648000000",
            "comprehensiveIncomeNetOfTax": "610000000",
            "ebit": "911000000",
            "ebitda": "954000000",
            "netIncome": "648000000"
        },
        {
            "fiscalDateEnding": "2020-12-31",
            "reportedCurrency": "USD",
            "grossProfit": "1546000000",
            "totalRevenue": "2402000000",
            "costOfRevenue": "856000000",
            "costofGoodsAndServicesSold": "780000000",
            "operatingIncome": "433000000",
            "sellingGeneralAndAdministrative": "3115000000",
            "researchAndDevelopment": "None",
            "operatingExpenses": "7340000000",
            "investmentIncomeNet": "13000000",
            "netInterestIncome": "-147000000",
            "interestIncome": "40000000",
            "interestExpense": "147000000",
            "nonInterestIncome": "2347000000",
            "otherNonOperatingIncome": "34000000",
            "depreciation": "None",
            "depreciationAndAmortization": "36000000",
            "incomeBeforeTax": "553000000",
            "incomeTaxExpense": "122000000",
            "interestAndDebtExpense": "147000000",
            "netIncomeFromContinuingOperations": "431000000",
            "comprehensiveIncomeNetOfTax": "379000000",
            "ebit": "700000000",
            "ebitda": "736000000",
            "netIncome": "431000000"
        },
        {
            "fiscalDateEnding": "2020-09-30",
            "reportedCurrency": "USD",
            "grossProfit": "1657000000",
            "totalRevenue": "2370000000",
            "costOfRevenue": "713000000",
            "costofGoodsAndServicesSold": "775000000",
            "operatingIncome": "633000000",
            "sellingGeneralAndAdministrative": "None",
            "researchAndDevelopment": "None",
            "operatingExpenses": "-122000000",
            "investmentIncomeNet": "12000000",
            "netInterestIncome": "-149000000",
            "interestIncome": "23000000",
            "interestExpense": "149000000",
            "nonInterestIncome": "2415000000",
            "otherNonOperatingIncome": "39000000",
            "depreciation": "None",
            "depreciationAndAmortization": "50000000",
            "incomeBeforeTax": "696000000",
            "incomeTaxExpense": "121000000",
            "interestAndDebtExpense": "149000000",
            "netIncomeFromContinuingOperations": "575000000",
            "comprehensiveIncomeNetOfTax": "578000000",
            "ebit": "845000000",
            "ebitda": "895000000",
            "netIncome": "575000000"
        },
        {
            "fiscalDateEnding": "2020-06-30",
            "reportedCurrency": "USD",
            "grossProfit": "1517000000",
            "totalRevenue": "2050000000",
            "costOfRevenue": "533000000",
            "costofGoodsAndServicesSold": "595000000",
            "operatingIncome": "407000000",
            "sellingGeneralAndAdministrative": "None",
            "researchAndDevelopment": "None",
            "operatingExpenses": "0",
            "investmentIncomeNet": "14000000",
            "netInterestIncome": "-151000000",
            "interestIncome": "18000000",
            "interestExpense": "151000000",
            "nonInterestIncome": "2025000000",
            "otherNonOperatingIncome": "38000000",
            "depreciation": "None",
            "depreciationAndAmortization": "32000000",
            "incomeBeforeTax": "560000000",
            "incomeTaxExpense": "109000000",
            "interestAndDebtExpense": "151000000",
            "netIncomeFromContinuingOperations": "451000000",
            "comprehensiveIncomeNetOfTax": "477000000",
            "ebit": "711000000",
            "ebitda": "743000000",
            "netIncome": "451000000"
        },
        {
            "fiscalDateEnding": "2020-03-31",
            "reportedCurrency": "USD",
            "grossProfit": "1904000000",
            "totalRevenue": "2781000000",
            "costOfRevenue": "877000000",
            "costofGoodsAndServicesSold": "906000000",
            "operatingIncome": "797000000",
            "sellingGeneralAndAdministrative": "None",
            "researchAndDevelopment": "None",
            "operatingExpenses": "33000000",
            "investmentIncomeNet": "13000000",
            "netInterestIncome": "-153000000",
            "interestIncome": "354000000",
            "interestExpense": "153000000",
            "nonInterestIncome": "2449000000",
            "otherNonOperatingIncome": "4000000",
            "depreciation": "None",
            "depreciationAndAmortization": "33000000",
            "incomeBeforeTax": "492000000",
            "incomeTaxExpense": "44000000",
            "interestAndDebtExpense": "153000000",
            "netIncomeFromContinuingOperations": "448000000",
            "comprehensiveIncomeNetOfTax": "456000000",
            "ebit": "645000000",
            "ebitda": "678000000",
            "netIncome": "448000000"
        },
        {
            "fiscalDateEnding": "2019-12-31",
            "reportedCurrency": "USD",
            "grossProfit": "2478000000",
            "totalRevenue": "2478000000",
            "costOfRevenue": "836000000",
            "costofGoodsAndServicesSold": "791000000",
            "operatingIncome": "507000000",
            "sellingGeneralAndAdministrative": "860000000",
            "researchAndDevelopment": "None",
            "operatingExpenses": "1971000000",
            "investmentIncomeNet": "13000000",
            "netInterestIncome": "-152000000",
            "interestIncome": "35000000",
            "interestExpense": "152000000",
            "nonInterestIncome": "2663000000",
            "otherNonOperatingIncome": "24000000",
            "depreciation": "None",
            "depreciationAndAmortization": "28000000",
            "incomeBeforeTax": "535000000",
            "incomeTaxExpense": "98000000",
            "interestAndDebtExpense": "152000000",
            "netIncomeFromContinuingOperations": "507000000",
            "comprehensiveIncomeNetOfTax": "507000000",
            "ebit": "687000000",
            "ebitda": "715000000",
            "netIncome": "437000000"
        },
        {
            "fiscalDateEnding": "2019-09-30",
            "reportedCurrency": "USD",
            "grossProfit": "1604000000",
            "totalRevenue": "2302000000",
            "costOfRevenue": "698000000",
            "costofGoodsAndServicesSold": "753000000",
            "operatingIncome": "490000000",
            "sellingGeneralAndAdministrative": "745000000",
            "researchAndDevelopment": "None",
            "operatingExpenses": "1812000000",
            "investmentIncomeNet": "14000000",
            "netInterestIncome": "-147000000",
            "interestIncome": "129000000",
            "interestExpense": "147000000",
            "nonInterestIncome": "2308000000",
            "otherNonOperatingIncome": "35000000",
            "depreciation": "None",
            "depreciationAndAmortization": "34000000",
            "incomeBeforeTax": "433000000",
            "incomeTaxExpense": "30000000",
            "interestAndDebtExpense": "147000000",
            "netIncomeFromContinuingOperations": "403000000",
            "comprehensiveIncomeNetOfTax": "397000000",
            "ebit": "580000000",
            "ebitda": "614000000",
            "netIncome": "403000000"
        },
        {
            "fiscalDateEnding": "2019-06-30",
            "reportedCurrency": "USD",
            "grossProfit": "1645000000",
            "totalRevenue": "2316000000",
            "costOfRevenue": "671000000",
            "costofGoodsAndServicesSold": "704000000",
            "operatingIncome": "160000000",
            "sellingGeneralAndAdministrative": "750000000",
            "researchAndDevelopment": "None",
            "operatingExpenses": "2156000000",
            "investmentIncomeNet": "16000000",
            "netInterestIncome": "-137000000",
            "interestIncome": "20000000",
            "interestExpense": "137000000",
            "nonInterestIncome": "1992000000",
            "otherNonOperatingIncome": "33000000",
            "depreciation": "None",
            "depreciationAndAmortization": "22000000",
            "incomeBeforeTax": "133000000",
            "incomeTaxExpense": "-20000000",
            "interestAndDebtExpense": "137000000",
            "netIncomeFromContinuingOperations": "153000000",
            "comprehensiveIncomeNetOfTax": "162000000",
            "ebit": "270000000",
            "ebitda": "292000000",
            "netIncome": "153000000"
        },
        {
            "fiscalDateEnding": "2019-03-31",
            "reportedCurrency": "USD",
            "grossProfit": "1832000000",
            "totalRevenue": "2980000000",
            "costOfRevenue": "1148000000",
            "costofGoodsAndServicesSold": "1124000000",
            "operatingIncome": "786000000",
            "sellingGeneralAndAdministrative": "756000000",
            "researchAndDevelopment": "None",
            "operatingExpenses": "2194000000",
            "investmentIncomeNet": "14000000",
            "netInterestIncome": "-133000000",
            "interestIncome": "15000000",
            "interestExpense": "133000000",
            "nonInterestIncome": "2795000000",
            "otherNonOperatingIncome": "33000000",
            "depreciation": "None",
            "depreciationAndAmortization": "24000000",
            "incomeBeforeTax": "849000000",
            "incomeTaxExpense": "149000000",
            "interestAndDebtExpense": "133000000",
            "netIncomeFromContinuingOperations": "700000000",
            "comprehensiveIncomeNetOfTax": "717000000",
            "ebit": "982000000",
            "ebitda": "1006000000",
            "netIncome": "700000000"
        },
        {
            "fiscalDateEnding": "2018-12-31",
            "reportedCurrency": "USD",
            "grossProfit": "2468000000",
            "totalRevenue": "2468000000",
            "costOfRevenue": "924000000",
            "costofGoodsAndServicesSold": "869000000",
            "operatingIncome": "501000000",
            "sellingGeneralAndAdministrative": "794000000",
            "researchAndDevelopment": "None",
            "operatingExpenses": "1967000000",
            "investmentIncomeNet": "12000000",
            "netInterestIncome": "-135000000",
            "interestIncome": "None",
            "interestExpense": "135000000",
            "nonInterestIncome": "2211000000",
            "otherNonOperatingIncome": "-14000000",
            "depreciation": "None",
            "depreciationAndAmortization": "23000000",
            "incomeBeforeTax": "200000000",
            "incomeTaxExpense": "1000000",
            "interestAndDebtExpense": "135000000",
            "netIncomeFromContinuingOperations": "501000000",
            "comprehensiveIncomeNetOfTax": "501000000",
            "ebit": "335000000",
            "ebitda": "358000000",
            "netIncome": "199000000"
        },
        {
            "fiscalDateEnding": "2018-09-30",
            "reportedCurrency": "USD",
            "grossProfit": "1590000000",
            "totalRevenue": "2394000000",
            "costOfRevenue": "804000000",
            "costofGoodsAndServicesSold": "804000000",
            "operatingIncome": "554000000",
            "sellingGeneralAndAdministrative": "742000000",
            "researchAndDevelopment": "None",
            "operatingExpenses": "1840000000",
            "investmentIncomeNet": "13000000",
            "netInterestIncome": "-127000000",
            "interestIncome": "None",
            "interestExpense": "127000000",
            "nonInterestIncome": "2383000000",
            "otherNonOperatingIncome": "33000000",
            "depreciation": "None",
            "depreciationAndAmortization": "28000000",
            "incomeBeforeTax": "529000000",
            "incomeTaxExpense": "117000000",
            "interestAndDebtExpense": "127000000",
            "netIncomeFromContinuingOperations": "412000000",
            "comprehensiveIncomeNetOfTax": "415000000",
            "ebit": "656000000",
            "ebitda": "684000000",
            "netIncome": "412000000"
        },
        {
            "fiscalDateEnding": "2018-06-30",
            "reportedCurrency": "USD",
            "grossProfit": "1136000000",
            "totalRevenue": "2016000000",
            "costOfRevenue": "880000000",
            "costofGoodsAndServicesSold": "600000000",
            "operatingIncome": "411000000",
            "sellingGeneralAndAdministrative": "725000000",
            "researchAndDevelopment": "None",
            "operatingExpenses": "1605000000",
            "investmentIncomeNet": "15000000",
            "netInterestIncome": "-111000000",
            "interestIncome": "None",
            "interestExpense": "111000000",
            "nonInterestIncome": "1962000000",
            "otherNonOperatingIncome": "34000000",
            "depreciation": "None",
            "depreciationAndAmortization": "22000000",
            "incomeBeforeTax": "366000000",
            "incomeTaxExpense": "97000000",
            "interestAndDebtExpense": "111000000",
            "netIncomeFromContinuingOperations": "269000000",
            "comprehensiveIncomeNetOfTax": "270000000",
            "ebit": "477000000",
            "ebitda": "499000000",
            "netIncome": "269000000"
        },
        {
            "fiscalDateEnding": "2018-03-31",
            "reportedCurrency": "USD",
            "grossProfit": "1562000000",
            "totalRevenue": "2818000000",
            "costOfRevenue": "1256000000",
            "costofGoodsAndServicesSold": "952000000",
            "operatingIncome": "832000000",
            "sellingGeneralAndAdministrative": "754000000",
            "researchAndDevelopment": "None",
            "operatingExpenses": "1986000000",
            "investmentIncomeNet": "12000000",
            "netInterestIncome": "-103000000",
            "interestIncome": "None",
            "interestExpense": "103000000",
            "nonInterestIncome": "2644000000",
            "otherNonOperatingIncome": "32000000",
            "depreciation": "None",
            "depreciationAndAmortization": "24000000",
            "incomeBeforeTax": "760000000",
            "incomeTaxExpense": "202000000",
            "interestAndDebtExpense": "103000000",
            "netIncomeFromContinuingOperations": "558000000",
            "comprehensiveIncomeNetOfTax": "552000000",
            "ebit": "863000000",
            "ebitda": "887000000",
            "netIncome": "558000000"
        }
    ]
}