{
    "symbol": "WRK",
    "annualReports": [
        {
            "fiscalDateEnding": "2022-09-30",
            "reportedCurrency": "USD",
            "grossProfit": "4020700000",
            "totalRevenue": "21256500000",
            "costOfRevenue": "17235800000",
            "costofGoodsAndServicesSold": "17235800000",
            "operatingIncome": "1326800000",
            "sellingGeneralAndAdministrative": "93300000",
            "researchAndDevelopment": "None",
            "operatingExpenses": "428700000",
            "investmentIncomeNet": "None",
            "netInterestIncome": "-375600000",
            "interestIncome": "56800000",
            "interestExpense": "375600000",
            "nonInterestIncome": "21260500000",
            "otherNonOperatingIncome": "-11000000",
            "depreciation": "1108100000",
            "depreciationAndAmortization": "366200000",
            "incomeBeforeTax": "1214200000",
            "incomeTaxExpense": "269600000",
            "interestAndDebtExpense": "384100000",
            "netIncomeFromContinuingOperations": "949200000",
            "comprehensiveIncomeNetOfTax": "489400000",
            "ebit": "1589800000",
            "ebitda": "1956000000",
            "netIncome": "944600000"
        },
        {
            "fiscalDateEnding": "2021-09-30",
            "reportedCurrency": "USD",
            "grossProfit": "3430300000",
            "totalRevenue": "18746100000",
            "costOfRevenue": "15315800000",
            "costofGoodsAndServicesSold": "15315800000",
            "operatingIncome": "1281200000",
            "sellingGeneralAndAdministrative": "88600000",
            "researchAndDevelopment": "None",
            "operatingExpenses": "462300000",
            "investmentIncomeNet": "None",
            "netInterestIncome": "-418900000",
            "interestIncome": "46600000",
            "interestExpense": "418900000",
            "nonInterestIncome": "18732000000",
            "otherNonOperatingIncome": "10900000",
            "depreciation": "1069700000",
            "depreciationAndAmortization": "370200000",
            "incomeBeforeTax": "1081700000",
            "incomeTaxExpense": "243400000",
            "interestAndDebtExpense": "428600000",
            "netIncomeFromContinuingOperations": "842500000",
            "comprehensiveIncomeNetOfTax": "1159100000",
            "ebit": "1500600000",
            "ebitda": "1870800000",
            "netIncome": "838300000"
        },
        {
            "fiscalDateEnding": "2020-09-30",
            "reportedCurrency": "USD",
            "grossProfit": "3197200000",
            "totalRevenue": "17578800000",
            "costOfRevenue": "14381600000",
            "costofGoodsAndServicesSold": "14381600000",
            "operatingIncome": "-256200000",
            "sellingGeneralAndAdministrative": "130300000",
            "researchAndDevelopment": "None",
            "operatingExpenses": "1897100000",
            "investmentIncomeNet": "None",
            "netInterestIncome": "-465500000",
            "interestIncome": "72000000",
            "interestExpense": "465500000",
            "nonInterestIncome": "17597100000",
            "otherNonOperatingIncome": "9500000",
            "depreciation": "1054900000",
            "depreciationAndAmortization": "415900000",
            "incomeBeforeTax": "-527400000",
            "incomeTaxExpense": "163500000",
            "interestAndDebtExpense": "467000000",
            "netIncomeFromContinuingOperations": "-686100000",
            "comprehensiveIncomeNetOfTax": "-868200000",
            "ebit": "-61900000",
            "ebitda": "354000000",
            "netIncome": "-690900000"
        },
        {
            "fiscalDateEnding": "2019-09-30",
            "reportedCurrency": "USD",
            "grossProfit": "3749000000",
            "totalRevenue": "18289000000",
            "costOfRevenue": "14540000000",
            "costofGoodsAndServicesSold": "14540000000",
            "operatingIncome": "1494400000",
            "sellingGeneralAndAdministrative": "410900000",
            "researchAndDevelopment": "None",
            "operatingExpenses": "858100000",
            "investmentIncomeNet": "None",
            "netInterestIncome": "-31600000",
            "interestIncome": "58100000",
            "interestExpense": "489400000",
            "nonInterestIncome": "18345400000",
            "otherNonOperatingIncome": "2400000",
            "depreciation": "1074600000",
            "depreciationAndAmortization": "408000000",
            "incomeBeforeTax": "1139700000",
            "incomeTaxExpense": "276800000",
            "interestAndDebtExpense": "36700000",
            "netIncomeFromContinuingOperations": "867900000",
            "comprehensiveIncomeNetOfTax": "489000000",
            "ebit": "1629100000",
            "ebitda": "2037100000",
            "netIncome": "862900000"
        },
        {
            "fiscalDateEnding": "2018-09-30",
            "reportedCurrency": "USD",
            "grossProfit": "3362000000",
            "totalRevenue": "16285100000",
            "costOfRevenue": "12923100000",
            "costofGoodsAndServicesSold": "12923100000",
            "operatingIncome": "1187200000",
            "sellingGeneralAndAdministrative": "310500000",
            "researchAndDevelopment": "None",
            "operatingExpenses": "711800000",
            "investmentIncomeNet": "None",
            "netInterestIncome": "-293800000",
            "interestIncome": "59000000",
            "interestExpense": "352800000",
            "nonInterestIncome": "12100000",
            "otherNonOperatingIncome": "12700000",
            "depreciation": "923800000",
            "depreciationAndAmortization": "300800000",
            "incomeBeforeTax": "1031600000",
            "incomeTaxExpense": "-874500000",
            "interestAndDebtExpense": "14600000",
            "netIncomeFromContinuingOperations": "1906100000",
            "comprehensiveIncomeNetOfTax": "1668100000",
            "ebit": "1384400000",
            "ebitda": "1685200000",
            "netIncome": "1906100000"
        }
    ],
    "quarterlyReports": [
        {
            "fiscalDateEnding": "2022-12-31",
            "reportedCurrency": "USD",
            "grossProfit": "765200000",
            "totalRevenue": "4817000000",
            "costOfRevenue": "4180200000",
            "costofGoodsAndServicesSold": "4157900000",
            "operatingIncome": "168200000",
            "sellingGeneralAndAdministrative": "479100000",
            "researchAndDevelopment": "None",
            "operatingExpenses": "15600000",
            "investmentIncomeNet": "None",
            "netInterestIncome": "-118900000",
            "interestIncome": "21600000",
            "interestExpense": "118900000",
            "nonInterestIncome": "4935900000",
            "otherNonOperatingIncome": "25200000",
            "depreciation": "None",
            "depreciationAndAmortization": "377500000",
            "incomeBeforeTax": "53600000",
            "incomeTaxExpense": "8300000",
            "interestAndDebtExpense": "118900000",
            "netIncomeFromContinuingOperations": "46800000",
            "comprehensiveIncomeNetOfTax": "190700000",
            "ebit": "172500000",
            "ebitda": "545700000",
            "netIncome": "45300000"
        },
        {
            "fiscalDateEnding": "2022-09-30",
            "reportedCurrency": "USD",
            "grossProfit": "1061000000",
            "totalRevenue": "5674000000",
            "costOfRevenue": "4775800000",
            "costofGoodsAndServicesSold": "4341500000",
            "operatingIncome": "458400000",
            "sellingGeneralAndAdministrative": "482300000",
            "researchAndDevelopment": "None",
            "operatingExpenses": "410900000",
            "investmentIncomeNet": "None",
            "netInterestIncome": "-100000000",
            "interestIncome": "18900000",
            "interestExpense": "100000000",
            "nonInterestIncome": "5402400000",
            "otherNonOperatingIncome": "-10300000",
            "depreciation": "None",
            "depreciationAndAmortization": "433800000",
            "incomeBeforeTax": "421000000",
            "incomeTaxExpense": "76500000",
            "interestAndDebtExpense": "100300000",
            "netIncomeFromContinuingOperations": "344900000",
            "comprehensiveIncomeNetOfTax": "-14400000",
            "ebit": "521000000",
            "ebitda": "892200000",
            "netIncome": "344500000"
        },
        {
            "fiscalDateEnding": "2022-06-30",
            "reportedCurrency": "USD",
            "grossProfit": "1159400000",
            "totalRevenue": "5427300000",
            "costOfRevenue": "4347600000",
            "costofGoodsAndServicesSold": "4360300000",
            "operatingIncome": "541200000",
            "sellingGeneralAndAdministrative": "504300000",
            "researchAndDevelopment": "None",
            "operatingExpenses": "25800000",
            "investmentIncomeNet": "None",
            "netInterestIncome": "-92400000",
            "interestIncome": "13900000",
            "interestExpense": "92400000",
            "nonInterestIncome": "5519700000",
            "otherNonOperatingIncome": "-7200000",
            "depreciation": "None",
            "depreciationAndAmortization": "1179200000",
            "incomeBeforeTax": "510600000",
            "incomeTaxExpense": "132700000",
            "interestAndDebtExpense": "92400000",
            "netIncomeFromContinuingOperations": "379800000",
            "comprehensiveIncomeNetOfTax": "162700000",
            "ebit": "603000000",
            "ebitda": "1720400000",
            "netIncome": "377900000"
        },
        {
            "fiscalDateEnding": "2022-03-31",
            "reportedCurrency": "USD",
            "grossProfit": "1003700000",
            "totalRevenue": "5289000000",
            "costOfRevenue": "4338700000",
            "costofGoodsAndServicesSold": "4378400000",
            "operatingIncome": "56600000",
            "sellingGeneralAndAdministrative": "493100000",
            "researchAndDevelopment": "None",
            "operatingExpenses": "2500000",
            "investmentIncomeNet": "None",
            "netInterestIncome": "-84900000",
            "interestIncome": "12400000",
            "interestExpense": "84900000",
            "nonInterestIncome": "5373900000",
            "otherNonOperatingIncome": "6300000",
            "depreciation": "None",
            "depreciationAndAmortization": "77700000",
            "incomeBeforeTax": "41700000",
            "incomeTaxExpense": "1800000",
            "interestAndDebtExpense": "93100000",
            "netIncomeFromContinuingOperations": "40700000",
            "comprehensiveIncomeNetOfTax": "172400000",
            "ebit": "126600000",
            "ebitda": "500200000",
            "netIncome": "39900000"
        },
        {
            "fiscalDateEnding": "2021-12-31",
            "reportedCurrency": "USD",
            "grossProfit": "796600000",
            "totalRevenue": "4867800000",
            "costOfRevenue": "4115700000",
            "costofGoodsAndServicesSold": "4155600000",
            "operatingIncome": "270600000",
            "sellingGeneralAndAdministrative": "452900000",
            "researchAndDevelopment": "None",
            "operatingExpenses": "-13900000",
            "investmentIncomeNet": "None",
            "netInterestIncome": "-98300000",
            "interestIncome": "11600000",
            "interestExpense": "98300000",
            "nonInterestIncome": "4966100000",
            "otherNonOperatingIncome": "200000",
            "depreciation": "None",
            "depreciationAndAmortization": "366500000",
            "incomeBeforeTax": "240900000",
            "incomeTaxExpense": "58600000",
            "interestAndDebtExpense": "98300000",
            "netIncomeFromContinuingOperations": "183800000",
            "comprehensiveIncomeNetOfTax": "168700000",
            "ebit": "339200000",
            "ebitda": "705700000",
            "netIncome": "182300000"
        },
        {
            "fiscalDateEnding": "2021-09-30",
            "reportedCurrency": "USD",
            "grossProfit": "997900000",
            "totalRevenue": "5409800000",
            "costOfRevenue": "4511800000",
            "costofGoodsAndServicesSold": "4092600000",
            "operatingIncome": "468800000",
            "sellingGeneralAndAdministrative": "432200000",
            "researchAndDevelopment": "None",
            "operatingExpenses": "453000000",
            "investmentIncomeNet": "None",
            "netInterestIncome": "-104500000",
            "interestIncome": "12000000",
            "interestExpense": "104500000",
            "nonInterestIncome": "5081300000",
            "otherNonOperatingIncome": "-2900000",
            "depreciation": "None",
            "depreciationAndAmortization": "365100000",
            "incomeBeforeTax": "408900000",
            "incomeTaxExpense": "85200000",
            "interestAndDebtExpense": "113100000",
            "netIncomeFromContinuingOperations": "324600000",
            "comprehensiveIncomeNetOfTax": "365400000",
            "ebit": "513400000",
            "ebitda": "878500000",
            "netIncome": "323700000"
        },
        {
            "fiscalDateEnding": "2021-06-30",
            "reportedCurrency": "USD",
            "grossProfit": "929900000",
            "totalRevenue": "4702300000",
            "costOfRevenue": "3854900000",
            "costofGoodsAndServicesSold": "3886400000",
            "operatingIncome": "382300000",
            "sellingGeneralAndAdministrative": "450900000",
            "researchAndDevelopment": "None",
            "operatingExpenses": "1000000",
            "investmentIncomeNet": "None",
            "netInterestIncome": "-114000000",
            "interestIncome": "11500000",
            "interestExpense": "114000000",
            "nonInterestIncome": "4816300000",
            "otherNonOperatingIncome": "6400000",
            "depreciation": "None",
            "depreciationAndAmortization": "369000000",
            "incomeBeforeTax": "327500000",
            "incomeTaxExpense": "77400000",
            "interestAndDebtExpense": "114000000",
            "netIncomeFromContinuingOperations": "251000000",
            "comprehensiveIncomeNetOfTax": "403600000",
            "ebit": "441500000",
            "ebitda": "810500000",
            "netIncome": "250100000"
        },
        {
            "fiscalDateEnding": "2021-03-31",
            "reportedCurrency": "USD",
            "grossProfit": "749600000",
            "totalRevenue": "4342900000",
            "costOfRevenue": "3653200000",
            "costofGoodsAndServicesSold": "3688200000",
            "operatingIncome": "197100000",
            "sellingGeneralAndAdministrative": "458400000",
            "researchAndDevelopment": "None",
            "operatingExpenses": "300000",
            "investmentIncomeNet": "None",
            "netInterestIncome": "-94900000",
            "interestIncome": "11400000",
            "interestExpense": "94900000",
            "nonInterestIncome": "4437800000",
            "otherNonOperatingIncome": "-13400000",
            "depreciation": "None",
            "depreciationAndAmortization": "361400000",
            "incomeBeforeTax": "143000000",
            "incomeTaxExpense": "30500000",
            "interestAndDebtExpense": "94900000",
            "netIncomeFromContinuingOperations": "114400000",
            "comprehensiveIncomeNetOfTax": "33500000",
            "ebit": "237900000",
            "ebitda": "599300000",
            "netIncome": "112500000"
        },
        {
            "fiscalDateEnding": "2020-12-31",
            "reportedCurrency": "USD",
            "grossProfit": "752900000",
            "totalRevenue": "4292300000",
            "costOfRevenue": "3615800000",
            "costofGoodsAndServicesSold": "3648600000",
            "operatingIncome": "233000000",
            "sellingGeneralAndAdministrative": "417800000",
            "researchAndDevelopment": "None",
            "operatingExpenses": "4600000",
            "investmentIncomeNet": "None",
            "netInterestIncome": "-105500000",
            "interestIncome": "11700000",
            "interestExpense": "105500000",
            "nonInterestIncome": "4397800000",
            "otherNonOperatingIncome": "20800000",
            "depreciation": "None",
            "depreciationAndAmortization": "364000000",
            "incomeBeforeTax": "202300000",
            "incomeTaxExpense": "50300000",
            "interestAndDebtExpense": "106600000",
            "netIncomeFromContinuingOperations": "152500000",
            "comprehensiveIncomeNetOfTax": "356600000",
            "ebit": "307800000",
            "ebitda": "671800000",
            "netIncome": "152000000"
        },
        {
            "fiscalDateEnding": "2020-09-30",
            "reportedCurrency": "USD",
            "grossProfit": "813400000",
            "totalRevenue": "4468100000",
            "costOfRevenue": "1333200000",
            "costofGoodsAndServicesSold": "3658100000",
            "operatingIncome": "-1054900000",
            "sellingGeneralAndAdministrative": "390000000",
            "researchAndDevelopment": "None",
            "operatingExpenses": "1322800000",
            "investmentIncomeNet": "None",
            "netInterestIncome": "-459500000",
            "interestIncome": "14000000",
            "interestExpense": "124300000",
            "nonInterestIncome": "4471100000",
            "otherNonOperatingIncome": "19100000",
            "depreciation": "None",
            "depreciationAndAmortization": "407900000",
            "incomeBeforeTax": "-1116000000",
            "incomeTaxExpense": "40000000",
            "interestAndDebtExpense": "400000",
            "netIncomeFromContinuingOperations": "-549400000",
            "comprehensiveIncomeNetOfTax": "-1088500000",
            "ebit": "-991700000",
            "ebitda": "-583800000",
            "netIncome": "-1156000000"
        },
        {
            "fiscalDateEnding": "2020-06-30",
            "reportedCurrency": "USD",
            "grossProfit": "770000000",
            "totalRevenue": "4235300000",
            "costOfRevenue": "3443200000",
            "costofGoodsAndServicesSold": "3466300000",
            "operatingIncome": "271600000",
            "sellingGeneralAndAdministrative": "388100000",
            "researchAndDevelopment": "None",
            "operatingExpenses": "3500000",
            "investmentIncomeNet": "None",
            "netInterestIncome": "-1900000",
            "interestIncome": "17500000",
            "interestExpense": "109900000",
            "nonInterestIncome": "4235700000",
            "otherNonOperatingIncome": "-5000000",
            "depreciation": "None",
            "depreciationAndAmortization": "2500000",
            "incomeBeforeTax": "197700000",
            "incomeTaxExpense": "19200000",
            "interestAndDebtExpense": "2500000",
            "netIncomeFromContinuingOperations": "180000000",
            "comprehensiveIncomeNetOfTax": "210100000",
            "ebit": "307600000",
            "ebitda": "310100000",
            "netIncome": "178500000"
        },
        {
            "fiscalDateEnding": "2020-03-31",
            "reportedCurrency": "USD",
            "grossProfit": "804800000",
            "totalRevenue": "4446600000",
            "costOfRevenue": "3619100000",
            "costofGoodsAndServicesSold": "3642500000",
            "operatingIncome": "274400000",
            "sellingGeneralAndAdministrative": "419500000",
            "researchAndDevelopment": "None",
            "operatingExpenses": "-2900000",
            "investmentIncomeNet": "None",
            "netInterestIncome": "-2000000",
            "interestIncome": "14800000",
            "interestExpense": "112100000",
            "nonInterestIncome": "4446800000",
            "otherNonOperatingIncome": "-900000",
            "depreciation": "None",
            "depreciationAndAmortization": "2700000",
            "incomeBeforeTax": "205900000",
            "incomeTaxExpense": "57800000",
            "interestAndDebtExpense": "2500000",
            "netIncomeFromContinuingOperations": "148900000",
            "comprehensiveIncomeNetOfTax": "-236000000",
            "ebit": "318000000",
            "ebitda": "320700000",
            "netIncome": "148100000"
        },
        {
            "fiscalDateEnding": "2019-12-31",
            "reportedCurrency": "USD",
            "grossProfit": "809000000",
            "totalRevenue": "4424200000",
            "costOfRevenue": "3597100000",
            "costofGoodsAndServicesSold": "3614700000",
            "operatingIncome": "252700000",
            "sellingGeneralAndAdministrative": "425700000",
            "researchAndDevelopment": "None",
            "operatingExpenses": "7800000",
            "investmentIncomeNet": "None",
            "netInterestIncome": "-2100000",
            "interestIncome": "25700000",
            "interestExpense": "119200000",
            "nonInterestIncome": "4424600000",
            "otherNonOperatingIncome": "-3700000",
            "depreciation": "None",
            "depreciationAndAmortization": "2800000",
            "incomeBeforeTax": "185000000",
            "incomeTaxExpense": "46500000",
            "interestAndDebtExpense": "2100000",
            "netIncomeFromContinuingOperations": "139500000",
            "comprehensiveIncomeNetOfTax": "246200000",
            "ebit": "304200000",
            "ebitda": "307000000",
            "netIncome": "138500000"
        },
        {
            "fiscalDateEnding": "2019-09-30",
            "reportedCurrency": "USD",
            "grossProfit": "1078700000",
            "totalRevenue": "4651600000",
            "costOfRevenue": "3572900000",
            "costofGoodsAndServicesSold": "3572900000",
            "operatingIncome": "490300000",
            "sellingGeneralAndAdministrative": "423200000",
            "researchAndDevelopment": "None",
            "operatingExpenses": "-3900000",
            "investmentIncomeNet": "None",
            "netInterestIncome": "-114000000",
            "interestIncome": "112200000",
            "interestExpense": "114000000",
            "nonInterestIncome": "-400000",
            "otherNonOperatingIncome": "4700000",
            "depreciation": "None",
            "depreciationAndAmortization": "None",
            "incomeBeforeTax": "400100000",
            "incomeTaxExpense": "89300000",
            "interestAndDebtExpense": "400000",
            "netIncomeFromContinuingOperations": "1171900000",
            "comprehensiveIncomeNetOfTax": "-63000000",
            "ebit": "490300000",
            "ebitda": "514100000",
            "netIncome": "310800000"
        },
        {
            "fiscalDateEnding": "2019-06-30",
            "reportedCurrency": "USD",
            "grossProfit": "988900000",
            "totalRevenue": "4690000000",
            "costOfRevenue": "3701100000",
            "costofGoodsAndServicesSold": "3701100000",
            "operatingIncome": "421400000",
            "sellingGeneralAndAdministrative": "440700000",
            "researchAndDevelopment": "None",
            "operatingExpenses": "6500000",
            "investmentIncomeNet": "None",
            "netInterestIncome": "-111100000",
            "interestIncome": "109400000",
            "interestExpense": "111100000",
            "nonInterestIncome": "4686800000",
            "otherNonOperatingIncome": "3700000",
            "depreciation": "None",
            "depreciationAndAmortization": "None",
            "incomeBeforeTax": "330200000",
            "incomeTaxExpense": "77600000",
            "interestAndDebtExpense": "3200000",
            "netIncomeFromContinuingOperations": "253800000",
            "comprehensiveIncomeNetOfTax": "282700000",
            "ebit": "421400000",
            "ebitda": "441300000",
            "netIncome": "252600000"
        },
        {
            "fiscalDateEnding": "2019-03-31",
            "reportedCurrency": "USD",
            "grossProfit": "899600000",
            "totalRevenue": "4620000000",
            "costOfRevenue": "3720400000",
            "costofGoodsAndServicesSold": "3720400000",
            "operatingIncome": "305300000",
            "sellingGeneralAndAdministrative": "444100000",
            "researchAndDevelopment": "None",
            "operatingExpenses": "13000000",
            "investmentIncomeNet": "None",
            "netInterestIncome": "-111800000",
            "interestIncome": "112000000",
            "interestExpense": "111800000",
            "nonInterestIncome": "4620400000",
            "otherNonOperatingIncome": "-3300000",
            "depreciation": "None",
            "depreciationAndAmortization": "None",
            "incomeBeforeTax": "207600000",
            "incomeTaxExpense": "47200000",
            "interestAndDebtExpense": "-400000",
            "netIncomeFromContinuingOperations": "161900000",
            "comprehensiveIncomeNetOfTax": "189700000",
            "ebit": "305300000",
            "ebitda": "319400000",
            "netIncome": "160400000"
        },
        {
            "fiscalDateEnding": "2018-12-31",
            "reportedCurrency": "USD",
            "grossProfit": "781800000",
            "totalRevenue": "4327400000",
            "costOfRevenue": "3545600000",
            "costofGoodsAndServicesSold": "3545600000",
            "operatingIncome": "277400000",
            "sellingGeneralAndAdministrative": "400900000",
            "researchAndDevelopment": "None",
            "operatingExpenses": "-14700000",
            "investmentIncomeNet": "None",
            "netInterestIncome": "None",
            "interestIncome": "None",
            "interestExpense": "94400000",
            "nonInterestIncome": "4368700000",
            "otherNonOperatingIncome": "-2700000",
            "depreciation": "None",
            "depreciationAndAmortization": "None",
            "incomeBeforeTax": "201800000",
            "incomeTaxExpense": "62700000",
            "interestAndDebtExpense": "1900000",
            "netIncomeFromContinuingOperations": "139800000",
            "comprehensiveIncomeNetOfTax": "79600000",
            "ebit": "277400000",
            "ebitda": "296200000",
            "netIncome": "139100000"
        },
        {
            "fiscalDateEnding": "2018-09-30",
            "reportedCurrency": "USD",
            "grossProfit": "939100000",
            "totalRevenue": "4236600000",
            "costOfRevenue": "3297500000",
            "costofGoodsAndServicesSold": "3304600000",
            "operatingIncome": "423000000",
            "sellingGeneralAndAdministrative": "377700000",
            "researchAndDevelopment": "None",
            "operatingExpenses": "2600000",
            "investmentIncomeNet": "None",
            "netInterestIncome": "None",
            "interestIncome": "None",
            "interestExpense": "74000000",
            "nonInterestIncome": "-100000",
            "otherNonOperatingIncome": "-600000",
            "depreciation": "None",
            "depreciationAndAmortization": "None",
            "incomeBeforeTax": "184200000",
            "incomeTaxExpense": "-95400000",
            "interestAndDebtExpense": "100000",
            "netIncomeFromContinuingOperations": "1031900000",
            "comprehensiveIncomeNetOfTax": "258600000",
            "ebit": "423000000",
            "ebitda": "449000000",
            "netIncome": "279600000"
        },
        {
            "fiscalDateEnding": "2018-06-30",
            "reportedCurrency": "USD",
            "grossProfit": "873200000",
            "totalRevenue": "4137500000",
            "costOfRevenue": "3264300000",
            "costofGoodsAndServicesSold": "3270400000",
            "operatingIncome": "385100000",
            "sellingGeneralAndAdministrative": "372400000",
            "researchAndDevelopment": "None",
            "operatingExpenses": "448000000",
            "investmentIncomeNet": "None",
            "netInterestIncome": "None",
            "interestIncome": "None",
            "interestExpense": "76700000",
            "nonInterestIncome": "None",
            "otherNonOperatingIncome": "9700000",
            "depreciation": "None",
            "depreciationAndAmortization": "None",
            "incomeBeforeTax": "183700000",
            "incomeTaxExpense": "-84500000",
            "interestAndDebtExpense": "None",
            "netIncomeFromContinuingOperations": "271300000",
            "comprehensiveIncomeNetOfTax": "35600000",
            "ebit": "385100000",
            "ebitda": "429400000",
            "netIncome": "268200000"
        },
        {
            "fiscalDateEnding": "2018-03-31",
            "reportedCurrency": "USD",
            "grossProfit": "796600000",
            "totalRevenue": "4017000000",
            "costOfRevenue": "3220400000",
            "costofGoodsAndServicesSold": "3227600000",
            "operatingIncome": "283900000",
            "sellingGeneralAndAdministrative": "381200000",
            "researchAndDevelopment": "None",
            "operatingExpenses": "456400000",
            "investmentIncomeNet": "None",
            "netInterestIncome": "None",
            "interestIncome": "None",
            "interestExpense": "78300000",
            "nonInterestIncome": "None",
            "otherNonOperatingIncome": "1100000",
            "depreciation": "None",
            "depreciationAndAmortization": "None",
            "incomeBeforeTax": "204400000",
            "incomeTaxExpense": "-18800000",
            "interestAndDebtExpense": "None",
            "netIncomeFromContinuingOperations": "224500000",
            "comprehensiveIncomeNetOfTax": "279100000",
            "ebit": "283900000",
            "ebitda": "320300000",
            "netIncome": "223200000"
        }
    ]
}