{
    "symbol": "PLD",
    "annualReports": [
        {
            "fiscalDateEnding": "2022-12-31",
            "reportedCurrency": "USD",
            "grossProfit": "2624094000",
            "totalRevenue": "5973692000",
            "costOfRevenue": "3349598000",
            "costofGoodsAndServicesSold": "1205738000",
            "operatingIncome": "3467538000",
            "sellingGeneralAndAdministrative": "331083000",
            "researchAndDevelopment": "None",
            "operatingExpenses": "2184196000",
            "investmentIncomeNet": "None",
            "netInterestIncome": "-309037000",
            "interestIncome": "243456000",
            "interestExpense": "309037000",
            "nonInterestIncome": "217017000",
            "otherNonOperatingIncome": "532309000",
            "depreciation": "None",
            "depreciationAndAmortization": "1812777000",
            "incomeBeforeTax": "3500268000",
            "incomeTaxExpense": "135412000",
            "interestAndDebtExpense": "329221000",
            "netIncomeFromContinuingOperations": "3555398000",
            "comprehensiveIncomeNetOfTax": "3799500000",
            "ebit": "3809305000",
            "ebitda": "5622082000",
            "netIncome": "3364856000"
        },
        {
            "fiscalDateEnding": "2021-12-31",
            "reportedCurrency": "USD",
            "grossProfit": "1847015000",
            "totalRevenue": "4759440000",
            "costOfRevenue": "2912425000",
            "costofGoodsAndServicesSold": "1041316000",
            "operatingIncome": "3206996000",
            "sellingGeneralAndAdministrative": "293167000",
            "researchAndDevelopment": "None",
            "operatingExpenses": "1893544000",
            "investmentIncomeNet": "None",
            "netInterestIncome": "-266228000",
            "interestIncome": "303305000",
            "interestExpense": "266228000",
            "nonInterestIncome": "-22474000",
            "otherNonOperatingIncome": "871000",
            "depreciation": "None",
            "depreciationAndAmortization": "1577942000",
            "incomeBeforeTax": "3113981000",
            "incomeTaxExpense": "174258000",
            "interestAndDebtExpense": "453728000",
            "netIncomeFromContinuingOperations": "3148590000",
            "comprehensiveIncomeNetOfTax": "3255209000",
            "ebit": "3380209000",
            "ebitda": "4958151000",
            "netIncome": "2939723000"
        },
        {
            "fiscalDateEnding": "2020-12-31",
            "reportedCurrency": "USD",
            "grossProfit": "1649858000",
            "totalRevenue": "4438735000",
            "costOfRevenue": "2788877000",
            "costofGoodsAndServicesSold": "952063000",
            "operatingIncome": "2118944000",
            "sellingGeneralAndAdministrative": "274845000",
            "researchAndDevelopment": "None",
            "operatingExpenses": "1866824000",
            "investmentIncomeNet": "None",
            "netInterestIncome": "-314507000",
            "interestIncome": "183566000",
            "interestExpense": "314507000",
            "nonInterestIncome": "-355029000",
            "otherNonOperatingIncome": "1044000",
            "depreciation": "None",
            "depreciationAndAmortization": "1561969000",
            "incomeBeforeTax": "1612272000",
            "incomeTaxExpense": "130458000",
            "interestAndDebtExpense": "502797000",
            "netIncomeFromContinuingOperations": "1616630000",
            "comprehensiveIncomeNetOfTax": "1278473000",
            "ebit": "1926779000",
            "ebitda": "3488748000",
            "netIncome": "1481814000"
        },
        {
            "fiscalDateEnding": "2019-12-31",
            "reportedCurrency": "USD",
            "grossProfit": "1924024000",
            "totalRevenue": "3330621000",
            "costOfRevenue": "1406597000",
            "costofGoodsAndServicesSold": "734266000",
            "operatingIncome": "1849766000",
            "sellingGeneralAndAdministrative": "266718000",
            "researchAndDevelopment": "None",
            "operatingExpenses": "1419746000",
            "investmentIncomeNet": "None",
            "netInterestIncome": "-239953000",
            "interestIncome": "24213000",
            "interestExpense": "239953000",
            "nonInterestIncome": "-58819000",
            "otherNonOperatingIncome": "24213000",
            "depreciation": "None",
            "depreciationAndAmortization": "1139879000",
            "incomeBeforeTax": "1647476000",
            "incomeTaxExpense": "74517000",
            "interestAndDebtExpense": "256079000",
            "netIncomeFromContinuingOperations": "1701846000",
            "comprehensiveIncomeNetOfTax": "1667232000",
            "ebit": "1887429000",
            "ebitda": "3027308000",
            "netIncome": "1572959000"
        },
        {
            "fiscalDateEnding": "2018-12-31",
            "reportedCurrency": "USD",
            "grossProfit": "1618250000",
            "totalRevenue": "2804449000",
            "costOfRevenue": "1186199000",
            "costofGoodsAndServicesSold": "600648000",
            "operatingIncome": "1687998000",
            "sellingGeneralAndAdministrative": "238985000",
            "researchAndDevelopment": "None",
            "operatingExpenses": "1957447000",
            "investmentIncomeNet": "None",
            "netInterestIncome": "-229141000",
            "interestIncome": "14663000",
            "interestExpense": "229141000",
            "nonInterestIncome": "2817657000",
            "otherNonOperatingIncome": "14663000",
            "depreciation": "None",
            "depreciationAndAmortization": "947214000",
            "incomeBeforeTax": "1712691000",
            "incomeTaxExpense": "63330000",
            "interestAndDebtExpense": "231727000",
            "netIncomeFromContinuingOperations": "1822960000",
            "comprehensiveIncomeNetOfTax": "1466348000",
            "ebit": "1941832000",
            "ebitda": "2889046000",
            "netIncome": "1649361000"
        }
    ],
    "quarterlyReports": [
        {
            "fiscalDateEnding": "2022-12-31",
            "reportedCurrency": "USD",
            "grossProfit": "1376700000",
            "totalRevenue": "1751592000",
            "costOfRevenue": "374892000",
            "costofGoodsAndServicesSold": "374892000",
            "operatingIncome": "813449000",
            "sellingGeneralAndAdministrative": "85420000",
            "researchAndDevelopment": "None",
            "operatingExpenses": "709909000",
            "investmentIncomeNet": "None",
            "netInterestIncome": "-120796000",
            "interestIncome": "174407000",
            "interestExpense": "120796000",
            "nonInterestIncome": "-127733000",
            "otherNonOperatingIncome": "-54900000",
            "depreciation": "None",
            "depreciationAndAmortization": "612367000",
            "incomeBeforeTax": "604901000",
            "incomeTaxExpense": "17687000",
            "interestAndDebtExpense": "122085000",
            "netIncomeFromContinuingOperations": "813449000",
            "comprehensiveIncomeNetOfTax": "215231000",
            "ebit": "725697000",
            "ebitda": "1338064000",
            "netIncome": "587214000"
        },
        {
            "fiscalDateEnding": "2022-09-30",
            "reportedCurrency": "USD",
            "grossProfit": "976832000",
            "totalRevenue": "1750892000",
            "costOfRevenue": "774060000",
            "costofGoodsAndServicesSold": "284707000",
            "operatingIncome": "914970000",
            "sellingGeneralAndAdministrative": "87903000",
            "researchAndDevelopment": "None",
            "operatingExpenses": "496357000",
            "investmentIncomeNet": "None",
            "netInterestIncome": "-63884000",
            "interestIncome": "192873000",
            "interestExpense": "63884000",
            "nonInterestIncome": "94000000",
            "otherNonOperatingIncome": "256757000",
            "depreciation": "None",
            "depreciationAndAmortization": "401450000",
            "incomeBeforeTax": "1054133000",
            "incomeTaxExpense": "38669000",
            "interestAndDebtExpense": "63884000",
            "netIncomeFromContinuingOperations": "1069174000",
            "comprehensiveIncomeNetOfTax": "1272599000",
            "ebit": "1118017000",
            "ebitda": "1519467000",
            "netIncome": "1015464000"
        },
        {
            "fiscalDateEnding": "2022-06-30",
            "reportedCurrency": "USD",
            "grossProfit": "496188000",
            "totalRevenue": "1252080000",
            "costOfRevenue": "755892000",
            "costofGoodsAndServicesSold": "270465000",
            "operatingIncome": "533317000",
            "sellingGeneralAndAdministrative": "83114000",
            "researchAndDevelopment": "None",
            "operatingExpenses": "497048000",
            "investmentIncomeNet": "None",
            "netInterestIncome": "-60293000",
            "interestIncome": "6227000",
            "interestExpense": "60293000",
            "nonInterestIncome": "14270000",
            "otherNonOperatingIncome": "6227000",
            "depreciation": "None",
            "depreciationAndAmortization": "402313000",
            "incomeBeforeTax": "661227000",
            "incomeTaxExpense": "49834000",
            "interestAndDebtExpense": "61023000",
            "netIncomeFromContinuingOperations": "646436000",
            "comprehensiveIncomeNetOfTax": "963752000",
            "ebit": "721520000",
            "ebitda": "1123833000",
            "netIncome": "611393000"
        },
        {
            "fiscalDateEnding": "2022-03-31",
            "reportedCurrency": "USD",
            "grossProfit": "472161000",
            "totalRevenue": "1219128000",
            "costOfRevenue": "746967000",
            "costofGoodsAndServicesSold": "275674000",
            "operatingIncome": "1205802000",
            "sellingGeneralAndAdministrative": "74646000",
            "researchAndDevelopment": "None",
            "operatingExpenses": "480882000",
            "investmentIncomeNet": "None",
            "netInterestIncome": "-64064000",
            "interestIncome": "1053000",
            "interestExpense": "64064000",
            "nonInterestIncome": "30108000",
            "otherNonOperatingIncome": "1053000",
            "depreciation": "None",
            "depreciationAndAmortization": "396647000",
            "incomeBeforeTax": "1180007000",
            "incomeTaxExpense": "29222000",
            "interestAndDebtExpense": "82229000",
            "netIncomeFromContinuingOperations": "1219722000",
            "comprehensiveIncomeNetOfTax": "1347918000",
            "ebit": "1244071000",
            "ebitda": "1640718000",
            "netIncome": "1150785000"
        },
        {
            "fiscalDateEnding": "2021-12-31",
            "reportedCurrency": "USD",
            "grossProfit": "1015541000",
            "totalRevenue": "1277233000",
            "costOfRevenue": "261692000",
            "costofGoodsAndServicesSold": "261692000",
            "operatingIncome": "1208273000",
            "sellingGeneralAndAdministrative": "73823000",
            "researchAndDevelopment": "None",
            "operatingExpenses": "478032000",
            "investmentIncomeNet": "None",
            "netInterestIncome": "-62897000",
            "interestIncome": "132491000",
            "interestExpense": "62897000",
            "nonInterestIncome": "25583000",
            "otherNonOperatingIncome": "-3744000",
            "depreciation": "None",
            "depreciationAndAmortization": "396825000",
            "incomeBeforeTax": "1288573000",
            "incomeTaxExpense": "39911000",
            "interestAndDebtExpense": "62897000",
            "netIncomeFromContinuingOperations": "1208273000",
            "comprehensiveIncomeNetOfTax": "1354315000",
            "ebit": "1351470000",
            "ebitda": "1748295000",
            "netIncome": "1248662000"
        },
        {
            "fiscalDateEnding": "2021-09-30",
            "reportedCurrency": "USD",
            "grossProfit": "468666000",
            "totalRevenue": "1183049000",
            "costOfRevenue": "714383000",
            "costofGoodsAndServicesSold": "256607000",
            "operatingIncome": "765660000",
            "sellingGeneralAndAdministrative": "66970000",
            "researchAndDevelopment": "None",
            "operatingExpenses": "462189000",
            "investmentIncomeNet": "None",
            "netInterestIncome": "-63638000",
            "interestIncome": "91506000",
            "interestExpense": "63638000",
            "nonInterestIncome": "-2000000",
            "otherNonOperatingIncome": "-846000",
            "depreciation": "None",
            "depreciationAndAmortization": "390806000",
            "incomeBeforeTax": "782973000",
            "incomeTaxExpense": "59435000",
            "interestAndDebtExpense": "63638000",
            "netIncomeFromContinuingOperations": "797731000",
            "comprehensiveIncomeNetOfTax": "774752000",
            "ebit": "846611000",
            "ebitda": "1237417000",
            "netIncome": "723538000"
        },
        {
            "fiscalDateEnding": "2021-06-30",
            "reportedCurrency": "USD",
            "grossProfit": "438631000",
            "totalRevenue": "1150842000",
            "costOfRevenue": "712211000",
            "costofGoodsAndServicesSold": "245133000",
            "operatingIncome": "700866000",
            "sellingGeneralAndAdministrative": "74342000",
            "researchAndDevelopment": "None",
            "operatingExpenses": "474272000",
            "investmentIncomeNet": "None",
            "netInterestIncome": "-68412000",
            "interestIncome": "1358000",
            "interestExpense": "68412000",
            "nonInterestIncome": "-8000000",
            "otherNonOperatingIncome": "715000",
            "depreciation": "None",
            "depreciationAndAmortization": "392736000",
            "incomeBeforeTax": "649371000",
            "incomeTaxExpense": "49195000",
            "interestAndDebtExpense": "68412000",
            "netIncomeFromContinuingOperations": "650313000",
            "comprehensiveIncomeNetOfTax": "586607000",
            "ebit": "717783000",
            "ebitda": "1110519000",
            "netIncome": "600176000"
        },
        {
            "fiscalDateEnding": "2021-03-31",
            "reportedCurrency": "USD",
            "grossProfit": "394825000",
            "totalRevenue": "1148316000",
            "costOfRevenue": "753491000",
            "costofGoodsAndServicesSold": "277884000",
            "operatingIncome": "532197000",
            "sellingGeneralAndAdministrative": "78032000",
            "researchAndDevelopment": "None",
            "operatingExpenses": "479051000",
            "investmentIncomeNet": "None",
            "netInterestIncome": "-71281000",
            "interestIncome": "80666000",
            "interestExpense": "71281000",
            "nonInterestIncome": "-106727000",
            "otherNonOperatingIncome": "4746000",
            "depreciation": "None",
            "depreciationAndAmortization": "397575000",
            "incomeBeforeTax": "393064000",
            "incomeTaxExpense": "25717000",
            "interestAndDebtExpense": "258734000",
            "netIncomeFromContinuingOperations": "399693000",
            "comprehensiveIncomeNetOfTax": "539535000",
            "ebit": "464345000",
            "ebitda": "861920000",
            "netIncome": "367347000"
        },
        {
            "fiscalDateEnding": "2020-12-31",
            "reportedCurrency": "USD",
            "grossProfit": "864751000",
            "totalRevenue": "1111597000",
            "costOfRevenue": "246846000",
            "costofGoodsAndServicesSold": "246846000",
            "operatingIncome": "482380000",
            "sellingGeneralAndAdministrative": "66144000",
            "researchAndDevelopment": "None",
            "operatingExpenses": "487647000",
            "investmentIncomeNet": "None",
            "netInterestIncome": "-76856000",
            "interestIncome": "109809000",
            "interestExpense": "76856000",
            "nonInterestIncome": "-142784000",
            "otherNonOperatingIncome": "5513000",
            "depreciation": "None",
            "depreciationAndAmortization": "417066000",
            "incomeBeforeTax": "322774000",
            "incomeTaxExpense": "40880000",
            "interestAndDebtExpense": "100546000",
            "netIncomeFromContinuingOperations": "482380000",
            "comprehensiveIncomeNetOfTax": "272620000",
            "ebit": "399630000",
            "ebitda": "816696000",
            "netIncome": "281894000"
        },
        {
            "fiscalDateEnding": "2020-09-30",
            "reportedCurrency": "USD",
            "grossProfit": "362197000",
            "totalRevenue": "1082773000",
            "costOfRevenue": "720576000",
            "costofGoodsAndServicesSold": "245490000",
            "operatingIncome": "556520000",
            "sellingGeneralAndAdministrative": "74348000",
            "researchAndDevelopment": "None",
            "operatingExpenses": "478106000",
            "investmentIncomeNet": "None",
            "netInterestIncome": "-80711000",
            "interestIncome": "113579000",
            "interestExpense": "80711000",
            "nonInterestIncome": "-97266000",
            "otherNonOperatingIncome": "-5866000",
            "depreciation": "None",
            "depreciationAndAmortization": "400738000",
            "incomeBeforeTax": "314848000",
            "incomeTaxExpense": "12154000",
            "interestAndDebtExpense": "178977000",
            "netIncomeFromContinuingOperations": "332521000",
            "comprehensiveIncomeNetOfTax": "260358000",
            "ebit": "395559000",
            "ebitda": "796297000",
            "netIncome": "302694000"
        },
        {
            "fiscalDateEnding": "2020-06-30",
            "reportedCurrency": "USD",
            "grossProfit": "803265000",
            "totalRevenue": "1266124000",
            "costOfRevenue": "462859000",
            "costofGoodsAndServicesSold": "232109000",
            "operatingIncome": "611987000",
            "sellingGeneralAndAdministrative": "64664000",
            "researchAndDevelopment": "None",
            "operatingExpenses": "470838000",
            "investmentIncomeNet": "None",
            "netInterestIncome": "-81298000",
            "interestIncome": "1027000",
            "interestExpense": "81298000",
            "nonInterestIncome": "-17573000",
            "otherNonOperatingIncome": "1027000",
            "depreciation": "None",
            "depreciationAndAmortization": "398195000",
            "incomeBeforeTax": "452684000",
            "incomeTaxExpense": "46511000",
            "interestAndDebtExpense": "104871000",
            "netIncomeFromContinuingOperations": "454938000",
            "comprehensiveIncomeNetOfTax": "406396000",
            "ebit": "533982000",
            "ebitda": "932177000",
            "netIncome": "406173000"
        },
        {
            "fiscalDateEnding": "2020-03-31",
            "reportedCurrency": "USD",
            "grossProfit": "562582000",
            "totalRevenue": "978241000",
            "costOfRevenue": "415659000",
            "costofGoodsAndServicesSold": "227618000",
            "operatingIncome": "468057000",
            "sellingGeneralAndAdministrative": "69689000",
            "researchAndDevelopment": "None",
            "operatingExpenses": "430233000",
            "investmentIncomeNet": "None",
            "netInterestIncome": "-75642000",
            "interestIncome": "370000",
            "interestExpense": "75642000",
            "nonInterestIncome": "70959000",
            "otherNonOperatingIncome": "370000",
            "depreciation": "None",
            "depreciationAndAmortization": "345970000",
            "incomeBeforeTax": "521966000",
            "incomeTaxExpense": "30913000",
            "interestAndDebtExpense": "118409000",
            "netIncomeFromContinuingOperations": "521164000",
            "comprehensiveIncomeNetOfTax": "339099000",
            "ebit": "597608000",
            "ebitda": "943578000",
            "netIncome": "491053000"
        },
        {
            "fiscalDateEnding": "2019-12-31",
            "reportedCurrency": "USD",
            "grossProfit": "826016000",
            "totalRevenue": "826016000",
            "costOfRevenue": "184196000",
            "costofGoodsAndServicesSold": "184196000",
            "operatingIncome": "559640000",
            "sellingGeneralAndAdministrative": "65542000",
            "researchAndDevelopment": "None",
            "operatingExpenses": "894005000",
            "investmentIncomeNet": "None",
            "netInterestIncome": "-60080000",
            "interestIncome": "11337000",
            "interestExpense": "60080000",
            "nonInterestIncome": "-112106000",
            "otherNonOperatingIncome": "11337000",
            "depreciation": "None",
            "depreciationAndAmortization": "289240000",
            "incomeBeforeTax": "408278000",
            "incomeTaxExpense": "21287000",
            "interestAndDebtExpense": "60120000",
            "netIncomeFromContinuingOperations": "559640000",
            "comprehensiveIncomeNetOfTax": "446839000",
            "ebit": "468358000",
            "ebitda": "757598000",
            "netIncome": "386991000"
        },
        {
            "fiscalDateEnding": "2019-09-30",
            "reportedCurrency": "USD",
            "grossProfit": "594728000",
            "totalRevenue": "942181000",
            "costOfRevenue": "347453000",
            "costofGoodsAndServicesSold": "180864000",
            "operatingIncome": "471480000",
            "sellingGeneralAndAdministrative": "65199000",
            "researchAndDevelopment": "None",
            "operatingExpenses": "226433000",
            "investmentIncomeNet": "None",
            "netInterestIncome": "-60244000",
            "interestIncome": "654000",
            "interestExpense": "60244000",
            "nonInterestIncome": "-2585000",
            "otherNonOperatingIncome": "654000",
            "depreciation": "None",
            "depreciationAndAmortization": "282254000",
            "incomeBeforeTax": "465232000",
            "incomeTaxExpense": "13086000",
            "interestAndDebtExpense": "73829000",
            "netIncomeFromContinuingOperations": "491013000",
            "comprehensiveIncomeNetOfTax": "481009000",
            "ebit": "525476000",
            "ebitda": "807730000",
            "netIncome": "452146000"
        },
        {
            "fiscalDateEnding": "2019-06-30",
            "reportedCurrency": "USD",
            "grossProfit": "439720000",
            "totalRevenue": "790372000",
            "costOfRevenue": "350652000",
            "costofGoodsAndServicesSold": "181138000",
            "operatingIncome": "442056000",
            "sellingGeneralAndAdministrative": "66276000",
            "researchAndDevelopment": "None",
            "operatingExpenses": "129972000",
            "investmentIncomeNet": "None",
            "netInterestIncome": "-59122000",
            "interestIncome": "4312000",
            "interestExpense": "59122000",
            "nonInterestIncome": "706304000",
            "otherNonOperatingIncome": "4312000",
            "depreciation": "None",
            "depreciationAndAmortization": "284376000",
            "incomeBeforeTax": "411908000",
            "incomeTaxExpense": "26632000",
            "interestAndDebtExpense": "59507000",
            "netIncomeFromContinuingOperations": "410826000",
            "comprehensiveIncomeNetOfTax": "335373000",
            "ebit": "471030000",
            "ebitda": "755406000",
            "netIncome": "385276000"
        },
        {
            "fiscalDateEnding": "2019-03-31",
            "reportedCurrency": "USD",
            "grossProfit": "418342000",
            "totalRevenue": "772052000",
            "costOfRevenue": "353710000",
            "costofGoodsAndServicesSold": "188068000",
            "operatingIncome": "376590000",
            "sellingGeneralAndAdministrative": "69701000",
            "researchAndDevelopment": "None",
            "operatingExpenses": "169336000",
            "investmentIncomeNet": "None",
            "netInterestIncome": "-60507000",
            "interestIncome": "7910000",
            "interestExpense": "60507000",
            "nonInterestIncome": "702849000",
            "otherNonOperatingIncome": "7910000",
            "depreciation": "None",
            "depreciationAndAmortization": "284009000",
            "incomeBeforeTax": "362058000",
            "incomeTaxExpense": "13512000",
            "interestAndDebtExpense": "62623000",
            "netIncomeFromContinuingOperations": "373765000",
            "comprehensiveIncomeNetOfTax": "404011000",
            "ebit": "422565000",
            "ebitda": "706574000",
            "netIncome": "348546000"
        },
        {
            "fiscalDateEnding": "2018-12-31",
            "reportedCurrency": "USD",
            "grossProfit": "807085000",
            "totalRevenue": "807085000",
            "costOfRevenue": "343456000",
            "costofGoodsAndServicesSold": "220134000",
            "operatingIncome": "598646000",
            "sellingGeneralAndAdministrative": "56698000",
            "researchAndDevelopment": "None",
            "operatingExpenses": "566005000",
            "investmentIncomeNet": "None",
            "netInterestIncome": "-62380000",
            "interestIncome": "None",
            "interestExpense": "62380000",
            "nonInterestIncome": "527574000",
            "otherNonOperatingIncome": "5155000",
            "depreciation": "None",
            "depreciationAndAmortization": "286758000",
            "incomeBeforeTax": "616778000",
            "incomeTaxExpense": "18718000",
            "interestAndDebtExpense": "62309000",
            "netIncomeFromContinuingOperations": "241080000",
            "comprehensiveIncomeNetOfTax": "559954000",
            "ebit": "679158000",
            "ebitda": "965916000",
            "netIncome": "598060000"
        },
        {
            "fiscalDateEnding": "2018-09-30",
            "reportedCurrency": "USD",
            "grossProfit": "367486000",
            "totalRevenue": "682432000",
            "costOfRevenue": "314946000",
            "costofGoodsAndServicesSold": "182574000",
            "operatingIncome": "375579000",
            "sellingGeneralAndAdministrative": "62244000",
            "researchAndDevelopment": "None",
            "operatingExpenses": "500911000",
            "investmentIncomeNet": "None",
            "netInterestIncome": "-64186000",
            "interestIncome": "None",
            "interestExpense": "64186000",
            "nonInterestIncome": "474910000",
            "otherNonOperatingIncome": "1891000",
            "depreciation": "None",
            "depreciationAndAmortization": "252702000",
            "incomeBeforeTax": "361792000",
            "incomeTaxExpense": "13956000",
            "interestAndDebtExpense": "66141000",
            "netIncomeFromContinuingOperations": "375520000",
            "comprehensiveIncomeNetOfTax": "342757000",
            "ebit": "425978000",
            "ebitda": "678680000",
            "netIncome": "347836000"
        },
        {
            "fiscalDateEnding": "2018-06-30",
            "reportedCurrency": "USD",
            "grossProfit": "359988000",
            "totalRevenue": "621276000",
            "costOfRevenue": "261288000",
            "costofGoodsAndServicesSold": "168179000",
            "operatingIncome": "281555000",
            "sellingGeneralAndAdministrative": "57615000",
            "researchAndDevelopment": "None",
            "operatingExpenses": "433982000",
            "investmentIncomeNet": "None",
            "netInterestIncome": "-56314000",
            "interestIncome": "None",
            "interestExpense": "56314000",
            "nonInterestIncome": "426831000",
            "otherNonOperatingIncome": "5641000",
            "depreciation": "None",
            "depreciationAndAmortization": "203673000",
            "incomeBeforeTax": "350191000",
            "incomeTaxExpense": "14104000",
            "interestAndDebtExpense": "56032000",
            "netIncomeFromContinuingOperations": "364991000",
            "comprehensiveIncomeNetOfTax": "197944000",
            "ebit": "406505000",
            "ebitda": "610178000",
            "netIncome": "336087000"
        },
        {
            "fiscalDateEnding": "2018-03-31",
            "reportedCurrency": "USD",
            "grossProfit": "1014758000",
            "totalRevenue": "693656000",
            "costOfRevenue": "453310000",
            "costofGoodsAndServicesSold": "186801000",
            "operatingIncome": "432218000",
            "sellingGeneralAndAdministrative": "62428000",
            "researchAndDevelopment": "None",
            "operatingExpenses": "456549000",
            "investmentIncomeNet": "None",
            "netInterestIncome": "-47245000",
            "interestIncome": "None",
            "interestExpense": "47245000",
            "nonInterestIncome": "393756000",
            "otherNonOperatingIncome": "1976000",
            "depreciation": "None",
            "depreciationAndAmortization": "204081000",
            "incomeBeforeTax": "383930000",
            "incomeTaxExpense": "16552000",
            "interestAndDebtExpense": "47245000",
            "netIncomeFromContinuingOperations": "391959000",
            "comprehensiveIncomeNetOfTax": "365693000",
            "ebit": "431175000",
            "ebitda": "635256000",
            "netIncome": "367378000"
        }
    ]
}