{
    "symbol": "PPG",
    "annualReports": [
        {
            "fiscalDateEnding": "2022-12-31",
            "reportedCurrency": "USD",
            "grossProfit": "1746000000",
            "totalRevenue": "17539000000",
            "costOfRevenue": "15793000000",
            "costofGoodsAndServicesSold": "11096000000",
            "operatingIncome": "2042000000",
            "sellingGeneralAndAdministrative": "3842000000",
            "researchAndDevelopment": "470000000",
            "operatingExpenses": "5209000000",
            "investmentIncomeNet": "54000000",
            "netInterestIncome": "-113000000",
            "interestIncome": "54000000",
            "interestExpense": "167000000",
            "nonInterestIncome": "17652000000",
            "otherNonOperatingIncome": "60000000",
            "depreciation": "388000000",
            "depreciationAndAmortization": "554000000",
            "incomeBeforeTax": "1351000000",
            "incomeTaxExpense": "325000000",
            "interestAndDebtExpense": "167000000",
            "netIncomeFromContinuingOperations": "1028000000",
            "comprehensiveIncomeNetOfTax": "966000000",
            "ebit": "1518000000",
            "ebitda": "2072000000",
            "netIncome": "1026000000"
        },
        {
            "fiscalDateEnding": "2021-12-31",
            "reportedCurrency": "USD",
            "grossProfit": "2104000000",
            "totalRevenue": "16913000000",
            "costOfRevenue": "14809000000",
            "costofGoodsAndServicesSold": "10286000000",
            "operatingIncome": "2171000000",
            "sellingGeneralAndAdministrative": "3780000000",
            "researchAndDevelopment": "463000000",
            "operatingExpenses": "4936000000",
            "investmentIncomeNet": "26000000",
            "netInterestIncome": "-95000000",
            "interestIncome": "26000000",
            "interestExpense": "121000000",
            "nonInterestIncome": "16836000000",
            "otherNonOperatingIncome": "143000000",
            "depreciation": "389000000",
            "depreciationAndAmortization": "561000000",
            "incomeBeforeTax": "1813000000",
            "incomeTaxExpense": "374000000",
            "interestAndDebtExpense": "121000000",
            "netIncomeFromContinuingOperations": "1420000000",
            "comprehensiveIncomeNetOfTax": "1288000000",
            "ebit": "1934000000",
            "ebitda": "2495000000",
            "netIncome": "1439000000"
        },
        {
            "fiscalDateEnding": "2020-12-31",
            "reportedCurrency": "USD",
            "grossProfit": "1791000000",
            "totalRevenue": "13780000000",
            "costOfRevenue": "11989000000",
            "costofGoodsAndServicesSold": "7777000000",
            "operatingIncome": "2109000000",
            "sellingGeneralAndAdministrative": "3389000000",
            "researchAndDevelopment": "401000000",
            "operatingExpenses": "4635000000",
            "investmentIncomeNet": "23000000",
            "netInterestIncome": "-115000000",
            "interestIncome": "23000000",
            "interestExpense": "138000000",
            "nonInterestIncome": "13827000000",
            "otherNonOperatingIncome": "-36000000",
            "depreciation": "371000000",
            "depreciationAndAmortization": "509000000",
            "incomeBeforeTax": "1350000000",
            "incomeTaxExpense": "291000000",
            "interestAndDebtExpense": "145000000",
            "netIncomeFromContinuingOperations": "1056000000",
            "comprehensiveIncomeNetOfTax": "810000000",
            "ebit": "1488000000",
            "ebitda": "1997000000",
            "netIncome": "1059000000"
        },
        {
            "fiscalDateEnding": "2019-12-31",
            "reportedCurrency": "USD",
            "grossProfit": "2097000000",
            "totalRevenue": "15135000000",
            "costOfRevenue": "13038000000",
            "costofGoodsAndServicesSold": "8653000000",
            "operatingIncome": "2271000000",
            "sellingGeneralAndAdministrative": "3604000000",
            "researchAndDevelopment": "456000000",
            "operatingExpenses": "4834000000",
            "investmentIncomeNet": "32000000",
            "netInterestIncome": "-100000000",
            "interestIncome": "32000000",
            "interestExpense": "132000000",
            "nonInterestIncome": "15146000000",
            "otherNonOperatingIncome": "63000000",
            "depreciation": "375000000",
            "depreciationAndAmortization": "511000000",
            "incomeBeforeTax": "1635000000",
            "incomeTaxExpense": "392000000",
            "interestAndDebtExpense": "132000000",
            "netIncomeFromContinuingOperations": "1243000000",
            "comprehensiveIncomeNetOfTax": "1193000000",
            "ebit": "1767000000",
            "ebitda": "2278000000",
            "netIncome": "1243000000"
        },
        {
            "fiscalDateEnding": "2018-12-31",
            "reportedCurrency": "USD",
            "grossProfit": "11190000000",
            "totalRevenue": "15419000000",
            "costOfRevenue": "4229000000",
            "costofGoodsAndServicesSold": "9001000000",
            "operatingIncome": "2118000000",
            "sellingGeneralAndAdministrative": "3573000000",
            "researchAndDevelopment": "464000000",
            "operatingExpenses": "4660000000",
            "investmentIncomeNet": "23000000",
            "netInterestIncome": "-95000000",
            "interestIncome": "23000000",
            "interestExpense": "118000000",
            "nonInterestIncome": "15400000000",
            "otherNonOperatingIncome": "55000000",
            "depreciation": "354000000",
            "depreciationAndAmortization": "497000000",
            "incomeBeforeTax": "1694000000",
            "incomeTaxExpense": "353000000",
            "interestAndDebtExpense": "118000000",
            "netIncomeFromContinuingOperations": "1323000000",
            "comprehensiveIncomeNetOfTax": "1205000000",
            "ebit": "1812000000",
            "ebitda": "2309000000",
            "netIncome": "1341000000"
        }
    ],
    "quarterlyReports": [
        {
            "fiscalDateEnding": "2023-03-31",
            "reportedCurrency": "USD",
            "grossProfit": "454000000",
            "totalRevenue": "4368000000",
            "costOfRevenue": "3914000000",
            "costofGoodsAndServicesSold": "2596000000",
            "operatingIncome": "635000000",
            "sellingGeneralAndAdministrative": "992000000",
            "researchAndDevelopment": "104000000",
            "operatingExpenses": "1425000000",
            "investmentIncomeNet": "25000000",
            "netInterestIncome": "-34000000",
            "interestIncome": "25000000",
            "interestExpense": "59000000",
            "nonInterestIncome": "4380000000",
            "otherNonOperatingIncome": "25000000",
            "depreciation": "92000000",
            "depreciationAndAmortization": "133000000",
            "incomeBeforeTax": "344000000",
            "incomeTaxExpense": "80000000",
            "interestAndDebtExpense": "59000000",
            "netIncomeFromContinuingOperations": "273000000",
            "comprehensiveIncomeNetOfTax": "666000000",
            "ebit": "403000000",
            "ebitda": "536000000",
            "netIncome": "264000000"
        },
        {
            "fiscalDateEnding": "2022-12-31",
            "reportedCurrency": "USD",
            "grossProfit": "365000000",
            "totalRevenue": "4090000000",
            "costOfRevenue": "3725000000",
            "costofGoodsAndServicesSold": "2623000000",
            "operatingIncome": "427000000",
            "sellingGeneralAndAdministrative": "955000000",
            "researchAndDevelopment": "130000000",
            "operatingExpenses": "1235000000",
            "investmentIncomeNet": "20000000",
            "netInterestIncome": "-33000000",
            "interestIncome": "20000000",
            "interestExpense": "53000000",
            "nonInterestIncome": "4185000000",
            "otherNonOperatingIncome": "52000000",
            "depreciation": "92000000",
            "depreciationAndAmortization": "133000000",
            "incomeBeforeTax": "311000000",
            "incomeTaxExpense": "73000000",
            "interestAndDebtExpense": "53000000",
            "netIncomeFromContinuingOperations": "238000000",
            "comprehensiveIncomeNetOfTax": "694000000",
            "ebit": "364000000",
            "ebitda": "497000000",
            "netIncome": "238000000"
        },
        {
            "fiscalDateEnding": "2022-09-30",
            "reportedCurrency": "USD",
            "grossProfit": "620000000",
            "totalRevenue": "4451000000",
            "costOfRevenue": "3831000000",
            "costofGoodsAndServicesSold": "2821000000",
            "operatingIncome": "554000000",
            "sellingGeneralAndAdministrative": "931000000",
            "researchAndDevelopment": "110000000",
            "operatingExpenses": "1118000000",
            "investmentIncomeNet": "14000000",
            "netInterestIncome": "-32000000",
            "interestIncome": "14000000",
            "interestExpense": "46000000",
            "nonInterestIncome": "4468000000",
            "otherNonOperatingIncome": "7000000",
            "depreciation": "95000000",
            "depreciationAndAmortization": "135000000",
            "incomeBeforeTax": "408000000",
            "incomeTaxExpense": "79000000",
            "interestAndDebtExpense": "46000000",
            "netIncomeFromContinuingOperations": "329000000",
            "comprehensiveIncomeNetOfTax": "-15000000",
            "ebit": "454000000",
            "ebitda": "589000000",
            "netIncome": "329000000"
        },
        {
            "fiscalDateEnding": "2022-06-30",
            "reportedCurrency": "USD",
            "grossProfit": "772000000",
            "totalRevenue": "4698000000",
            "costOfRevenue": "3926000000",
            "costofGoodsAndServicesSold": "2954000000",
            "operatingIncome": "602000000",
            "sellingGeneralAndAdministrative": "982000000",
            "researchAndDevelopment": "115000000",
            "operatingExpenses": "1087000000",
            "investmentIncomeNet": "11000000",
            "netInterestIncome": "-27000000",
            "interestIncome": "11000000",
            "interestExpense": "38000000",
            "nonInterestIncome": "4691000000",
            "otherNonOperatingIncome": "11000000",
            "depreciation": "99000000",
            "depreciationAndAmortization": "141000000",
            "incomeBeforeTax": "559000000",
            "incomeTaxExpense": "118000000",
            "interestAndDebtExpense": "38000000",
            "netIncomeFromContinuingOperations": "443000000",
            "comprehensiveIncomeNetOfTax": "233000000",
            "ebit": "597000000",
            "ebitda": "738000000",
            "netIncome": "441000000"
        },
        {
            "fiscalDateEnding": "2022-03-31",
            "reportedCurrency": "USD",
            "grossProfit": "196000000",
            "totalRevenue": "4313000000",
            "costOfRevenue": "4117000000",
            "costofGoodsAndServicesSold": "2698000000",
            "operatingIncome": "459000000",
            "sellingGeneralAndAdministrative": "974000000",
            "researchAndDevelopment": "115000000",
            "operatingExpenses": "1577000000",
            "investmentIncomeNet": "9000000",
            "netInterestIncome": "-21000000",
            "interestIncome": "9000000",
            "interestExpense": "30000000",
            "nonInterestIncome": "4308000000",
            "otherNonOperatingIncome": "9000000",
            "depreciation": "102000000",
            "depreciationAndAmortization": "145000000",
            "incomeBeforeTax": "73000000",
            "incomeTaxExpense": "55000000",
            "interestAndDebtExpense": "30000000",
            "netIncomeFromContinuingOperations": "18000000",
            "comprehensiveIncomeNetOfTax": "54000000",
            "ebit": "103000000",
            "ebitda": "248000000",
            "netIncome": "18000000"
        },
        {
            "fiscalDateEnding": "2021-12-31",
            "reportedCurrency": "USD",
            "grossProfit": "303000000",
            "totalRevenue": "4193000000",
            "costOfRevenue": "3890000000",
            "costofGoodsAndServicesSold": "2692000000",
            "operatingIncome": "348000000",
            "sellingGeneralAndAdministrative": "984000000",
            "researchAndDevelopment": "140000000",
            "operatingExpenses": "1344000000",
            "investmentIncomeNet": "7000000",
            "netInterestIncome": "-23000000",
            "interestIncome": "7000000",
            "interestExpense": "30000000",
            "nonInterestIncome": "4190000000",
            "otherNonOperatingIncome": "72000000",
            "depreciation": "103000000",
            "depreciationAndAmortization": "149000000",
            "incomeBeforeTax": "290000000",
            "incomeTaxExpense": "4000000",
            "interestAndDebtExpense": "30000000",
            "netIncomeFromContinuingOperations": "267000000",
            "comprehensiveIncomeNetOfTax": "407000000",
            "ebit": "320000000",
            "ebitda": "469000000",
            "netIncome": "286000000"
        },
        {
            "fiscalDateEnding": "2021-09-30",
            "reportedCurrency": "USD",
            "grossProfit": "641000000",
            "totalRevenue": "4439000000",
            "costOfRevenue": "3798000000",
            "costofGoodsAndServicesSold": "2733000000",
            "operatingIncome": "548000000",
            "sellingGeneralAndAdministrative": "950000000",
            "researchAndDevelopment": "114000000",
            "operatingExpenses": "1145000000",
            "investmentIncomeNet": "7000000",
            "netInterestIncome": "-23000000",
            "interestIncome": "7000000",
            "interestExpense": "30000000",
            "nonInterestIncome": "4406000000",
            "otherNonOperatingIncome": "16000000",
            "depreciation": "100000000",
            "depreciationAndAmortization": "146000000",
            "incomeBeforeTax": "440000000",
            "incomeTaxExpense": "96000000",
            "interestAndDebtExpense": "30000000",
            "netIncomeFromContinuingOperations": "344000000",
            "comprehensiveIncomeNetOfTax": "137000000",
            "ebit": "470000000",
            "ebitda": "616000000",
            "netIncome": "344000000"
        },
        {
            "fiscalDateEnding": "2021-06-30",
            "reportedCurrency": "USD",
            "grossProfit": "781000000",
            "totalRevenue": "4411000000",
            "costOfRevenue": "3630000000",
            "costofGoodsAndServicesSold": "2629000000",
            "operatingIncome": "644000000",
            "sellingGeneralAndAdministrative": "955000000",
            "researchAndDevelopment": "107000000",
            "operatingExpenses": "1108000000",
            "investmentIncomeNet": "6000000",
            "netInterestIncome": "-25000000",
            "interestIncome": "6000000",
            "interestExpense": "31000000",
            "nonInterestIncome": "4359000000",
            "otherNonOperatingIncome": "6000000",
            "depreciation": "96000000",
            "depreciationAndAmortization": "137000000",
            "incomeBeforeTax": "591000000",
            "incomeTaxExpense": "160000000",
            "interestAndDebtExpense": "31000000",
            "netIncomeFromContinuingOperations": "431000000",
            "comprehensiveIncomeNetOfTax": "497000000",
            "ebit": "622000000",
            "ebitda": "759000000",
            "netIncome": "431000000"
        },
        {
            "fiscalDateEnding": "2021-03-31",
            "reportedCurrency": "USD",
            "grossProfit": "575000000",
            "totalRevenue": "3870000000",
            "costOfRevenue": "3295000000",
            "costofGoodsAndServicesSold": "2232000000",
            "operatingIncome": "631000000",
            "sellingGeneralAndAdministrative": "891000000",
            "researchAndDevelopment": "102000000",
            "operatingExpenses": "1140000000",
            "investmentIncomeNet": "6000000",
            "netInterestIncome": "-24000000",
            "interestIncome": "6000000",
            "interestExpense": "30000000",
            "nonInterestIncome": "3881000000",
            "otherNonOperatingIncome": "6000000",
            "depreciation": "90000000",
            "depreciationAndAmortization": "129000000",
            "incomeBeforeTax": "492000000",
            "incomeTaxExpense": "114000000",
            "interestAndDebtExpense": "30000000",
            "netIncomeFromContinuingOperations": "378000000",
            "comprehensiveIncomeNetOfTax": "247000000",
            "ebit": "522000000",
            "ebitda": "651000000",
            "netIncome": "378000000"
        },
        {
            "fiscalDateEnding": "2020-12-31",
            "reportedCurrency": "USD",
            "grossProfit": "1617000000",
            "totalRevenue": "3757000000",
            "costOfRevenue": "2140000000",
            "costofGoodsAndServicesSold": "2140000000",
            "operatingIncome": "581000000",
            "sellingGeneralAndAdministrative": "882000000",
            "researchAndDevelopment": "122000000",
            "operatingExpenses": "1256000000",
            "investmentIncomeNet": "5000000",
            "netInterestIncome": "-26000000",
            "interestIncome": "5000000",
            "interestExpense": "31000000",
            "nonInterestIncome": "3757000000",
            "otherNonOperatingIncome": "-72000000",
            "depreciation": "91000000",
            "depreciationAndAmortization": "125000000",
            "incomeBeforeTax": "339000000",
            "incomeTaxExpense": "67000000",
            "interestAndDebtExpense": "31000000",
            "netIncomeFromContinuingOperations": "272000000",
            "comprehensiveIncomeNetOfTax": "461000000",
            "ebit": "370000000",
            "ebitda": "495000000",
            "netIncome": "272000000"
        },
        {
            "fiscalDateEnding": "2020-09-30",
            "reportedCurrency": "USD",
            "grossProfit": "775000000",
            "totalRevenue": "3679000000",
            "costOfRevenue": "2904000000",
            "costofGoodsAndServicesSold": "2026000000",
            "operatingIncome": "679000000",
            "sellingGeneralAndAdministrative": "836000000",
            "researchAndDevelopment": "92000000",
            "operatingExpenses": "970000000",
            "investmentIncomeNet": "4000000",
            "netInterestIncome": "-30000000",
            "interestIncome": "4000000",
            "interestExpense": "34000000",
            "nonInterestIncome": "3685000000",
            "otherNonOperatingIncome": "19000000",
            "depreciation": "96000000",
            "depreciationAndAmortization": "132000000",
            "incomeBeforeTax": "566000000",
            "incomeTaxExpense": "124000000",
            "interestAndDebtExpense": "34000000",
            "netIncomeFromContinuingOperations": "442000000",
            "comprehensiveIncomeNetOfTax": "579000000",
            "ebit": "600000000",
            "ebitda": "732000000",
            "netIncome": "442000000"
        },
        {
            "fiscalDateEnding": "2020-06-30",
            "reportedCurrency": "USD",
            "grossProfit": "313000000",
            "totalRevenue": "2983000000",
            "costOfRevenue": "2670000000",
            "costofGoodsAndServicesSold": "1703000000",
            "operatingIncome": "396000000",
            "sellingGeneralAndAdministrative": "766000000",
            "researchAndDevelopment": "86000000",
            "operatingExpenses": "1053000000",
            "investmentIncomeNet": "5000000",
            "netInterestIncome": "-36000000",
            "interestIncome": "5000000",
            "interestExpense": "41000000",
            "nonInterestIncome": "3008000000",
            "otherNonOperatingIncome": "5000000",
            "depreciation": "91000000",
            "depreciationAndAmortization": "123000000",
            "incomeBeforeTax": "131000000",
            "incomeTaxExpense": "29000000",
            "interestAndDebtExpense": "48000000",
            "netIncomeFromContinuingOperations": "99000000",
            "comprehensiveIncomeNetOfTax": "219000000",
            "ebit": "172000000",
            "ebitda": "295000000",
            "netIncome": "102000000"
        },
        {
            "fiscalDateEnding": "2020-03-31",
            "reportedCurrency": "USD",
            "grossProfit": "412000000",
            "totalRevenue": "3372000000",
            "costOfRevenue": "2960000000",
            "costofGoodsAndServicesSold": "1908000000",
            "operatingIncome": "453000000",
            "sellingGeneralAndAdministrative": "905000000",
            "researchAndDevelopment": "101000000",
            "operatingExpenses": "1161000000",
            "investmentIncomeNet": "9000000",
            "netInterestIncome": "-23000000",
            "interestIncome": "9000000",
            "interestExpense": "32000000",
            "nonInterestIncome": "3377000000",
            "otherNonOperatingIncome": "9000000",
            "depreciation": "93000000",
            "depreciationAndAmortization": "129000000",
            "incomeBeforeTax": "314000000",
            "incomeTaxExpense": "71000000",
            "interestAndDebtExpense": "32000000",
            "netIncomeFromContinuingOperations": "243000000",
            "comprehensiveIncomeNetOfTax": "-449000000",
            "ebit": "346000000",
            "ebitda": "475000000",
            "netIncome": "243000000"
        },
        {
            "fiscalDateEnding": "2019-12-31",
            "reportedCurrency": "USD",
            "grossProfit": "1561000000",
            "totalRevenue": "3672000000",
            "costOfRevenue": "2111000000",
            "costofGoodsAndServicesSold": "2111000000",
            "operatingIncome": "510000000",
            "sellingGeneralAndAdministrative": "894000000",
            "researchAndDevelopment": "133000000",
            "operatingExpenses": "1182000000",
            "investmentIncomeNet": "9000000",
            "netInterestIncome": "-24000000",
            "interestIncome": "9000000",
            "interestExpense": "33000000",
            "nonInterestIncome": "3672000000",
            "otherNonOperatingIncome": "9000000",
            "depreciation": "99000000",
            "depreciationAndAmortization": "134000000",
            "incomeBeforeTax": "387000000",
            "incomeTaxExpense": "95000000",
            "interestAndDebtExpense": "33000000",
            "netIncomeFromContinuingOperations": "295000000",
            "comprehensiveIncomeNetOfTax": "270000000",
            "ebit": "420000000",
            "ebitda": "554000000",
            "netIncome": "292000000"
        },
        {
            "fiscalDateEnding": "2019-09-30",
            "reportedCurrency": "USD",
            "grossProfit": "689000000",
            "totalRevenue": "3817000000",
            "costOfRevenue": "3128000000",
            "costofGoodsAndServicesSold": "2181000000",
            "operatingIncome": "586000000",
            "sellingGeneralAndAdministrative": "887000000",
            "researchAndDevelopment": "107000000",
            "operatingExpenses": "1054000000",
            "investmentIncomeNet": "10000000",
            "netInterestIncome": "-23000000",
            "interestIncome": "10000000",
            "interestExpense": "33000000",
            "nonInterestIncome": "3826000000",
            "otherNonOperatingIncome": "10000000",
            "depreciation": "99000000",
            "depreciationAndAmortization": "133000000",
            "incomeBeforeTax": "476000000",
            "incomeTaxExpense": "109000000",
            "interestAndDebtExpense": "33000000",
            "netIncomeFromContinuingOperations": "366000000",
            "comprehensiveIncomeNetOfTax": "269000000",
            "ebit": "509000000",
            "ebitda": "642000000",
            "netIncome": "367000000"
        },
        {
            "fiscalDateEnding": "2019-06-30",
            "reportedCurrency": "USD",
            "grossProfit": "546000000",
            "totalRevenue": "4027000000",
            "costOfRevenue": "3481000000",
            "costofGoodsAndServicesSold": "2288000000",
            "operatingIncome": "660000000",
            "sellingGeneralAndAdministrative": "934000000",
            "researchAndDevelopment": "111000000",
            "operatingExpenses": "1301000000",
            "investmentIncomeNet": "7000000",
            "netInterestIncome": "-28000000",
            "interestIncome": "7000000",
            "interestExpense": "35000000",
            "nonInterestIncome": "4024000000",
            "otherNonOperatingIncome": "7000000",
            "depreciation": "91000000",
            "depreciationAndAmortization": "126000000",
            "incomeBeforeTax": "358000000",
            "incomeTaxExpense": "86000000",
            "interestAndDebtExpense": "35000000",
            "netIncomeFromContinuingOperations": "270000000",
            "comprehensiveIncomeNetOfTax": "266000000",
            "ebit": "393000000",
            "ebitda": "519000000",
            "netIncome": "272000000"
        },
        {
            "fiscalDateEnding": "2019-03-31",
            "reportedCurrency": "USD",
            "grossProfit": "511000000",
            "totalRevenue": "3615000000",
            "costOfRevenue": "3104000000",
            "costofGoodsAndServicesSold": "2073000000",
            "operatingIncome": "515000000",
            "sellingGeneralAndAdministrative": "889000000",
            "researchAndDevelopment": "105000000",
            "operatingExpenses": "1136000000",
            "investmentIncomeNet": "6000000",
            "netInterestIncome": "-25000000",
            "interestIncome": "6000000",
            "interestExpense": "31000000",
            "nonInterestIncome": "3624000000",
            "otherNonOperatingIncome": "6000000",
            "depreciation": "86000000",
            "depreciationAndAmortization": "118000000",
            "incomeBeforeTax": "414000000",
            "incomeTaxExpense": "102000000",
            "interestAndDebtExpense": "31000000",
            "netIncomeFromContinuingOperations": "312000000",
            "comprehensiveIncomeNetOfTax": "388000000",
            "ebit": "445000000",
            "ebitda": "563000000",
            "netIncome": "312000000"
        },
        {
            "fiscalDateEnding": "2018-12-31",
            "reportedCurrency": "USD",
            "grossProfit": "3645000000",
            "totalRevenue": "3645000000",
            "costOfRevenue": "2188000000",
            "costofGoodsAndServicesSold": "2188000000",
            "operatingIncome": "448000000",
            "sellingGeneralAndAdministrative": "855000000",
            "researchAndDevelopment": "128000000",
            "operatingExpenses": "1107000000",
            "investmentIncomeNet": "5000000",
            "netInterestIncome": "-25000000",
            "interestIncome": "5000000",
            "interestExpense": "30000000",
            "nonInterestIncome": "3645000000",
            "otherNonOperatingIncome": "5000000",
            "depreciation": "87000000",
            "depreciationAndAmortization": "127000000",
            "incomeBeforeTax": "341000000",
            "incomeTaxExpense": "83000000",
            "interestAndDebtExpense": "30000000",
            "netIncomeFromContinuingOperations": "256000000",
            "comprehensiveIncomeNetOfTax": "155000000",
            "ebit": "371000000",
            "ebitda": "498000000",
            "netIncome": "258000000"
        },
        {
            "fiscalDateEnding": "2018-09-30",
            "reportedCurrency": "USD",
            "grossProfit": "2922000000",
            "totalRevenue": "3816000000",
            "costOfRevenue": "894000000",
            "costofGoodsAndServicesSold": "2253000000",
            "operatingIncome": "500000000",
            "sellingGeneralAndAdministrative": "867000000",
            "researchAndDevelopment": "110000000",
            "operatingExpenses": "1002000000",
            "investmentIncomeNet": "6000000",
            "netInterestIncome": "-25000000",
            "interestIncome": "6000000",
            "interestExpense": "31000000",
            "nonInterestIncome": "3817000000",
            "otherNonOperatingIncome": "6000000",
            "depreciation": "89000000",
            "depreciationAndAmortization": "122000000",
            "incomeBeforeTax": "457000000",
            "incomeTaxExpense": "79000000",
            "interestAndDebtExpense": "31000000",
            "netIncomeFromContinuingOperations": "368000000",
            "comprehensiveIncomeNetOfTax": "456000000",
            "ebit": "488000000",
            "ebitda": "610000000",
            "netIncome": "378000000"
        },
        {
            "fiscalDateEnding": "2018-06-30",
            "reportedCurrency": "USD",
            "grossProfit": "3050000000",
            "totalRevenue": "4131000000",
            "costOfRevenue": "1081000000",
            "costofGoodsAndServicesSold": "2379000000",
            "operatingIncome": "651000000",
            "sellingGeneralAndAdministrative": "945000000",
            "researchAndDevelopment": "114000000",
            "operatingExpenses": "1196000000",
            "investmentIncomeNet": "7000000",
            "netInterestIncome": "-24000000",
            "interestIncome": "7000000",
            "interestExpense": "31000000",
            "nonInterestIncome": "4131000000",
            "otherNonOperatingIncome": "7000000",
            "depreciation": "91000000",
            "depreciationAndAmortization": "125000000",
            "incomeBeforeTax": "475000000",
            "incomeTaxExpense": "104000000",
            "interestAndDebtExpense": "31000000",
            "netIncomeFromContinuingOperations": "371000000",
            "comprehensiveIncomeNetOfTax": "101000000",
            "ebit": "506000000",
            "ebitda": "631000000",
            "netIncome": "371000000"
        }
    ]
}