{
    "symbol": "SNPS",
    "annualReports": [
        {
            "fiscalDateEnding": "2022-10-31",
            "reportedCurrency": "USD",
            "grossProfit": "4017845000",
            "totalRevenue": "5081542000",
            "costOfRevenue": "1063697000",
            "costofGoodsAndServicesSold": "139836000",
            "operatingIncome": "1162038000",
            "sellingGeneralAndAdministrative": "1133617000",
            "researchAndDevelopment": "1680379000",
            "operatingExpenses": "2855807000",
            "investmentIncomeNet": "None",
            "netInterestIncome": "-1698000",
            "interestIncome": "8545000",
            "interestExpense": "1698000",
            "nonInterestIncome": "5086236000",
            "otherNonOperatingIncome": "10713000",
            "depreciation": "107700000",
            "depreciationAndAmortization": "129116000",
            "incomeBeforeTax": "1121672000",
            "incomeTaxExpense": "137078000",
            "interestAndDebtExpense": "1698000",
            "netIncomeFromContinuingOperations": "978436000",
            "comprehensiveIncomeNetOfTax": "799921000",
            "ebit": "1123370000",
            "ebitda": "1252486000",
            "netIncome": "984594000"
        },
        {
            "fiscalDateEnding": "2021-10-31",
            "reportedCurrency": "USD",
            "grossProfit": "3342416000",
            "totalRevenue": "4204193000",
            "costOfRevenue": "861777000",
            "costofGoodsAndServicesSold": "111061000",
            "operatingIncome": "734790000",
            "sellingGeneralAndAdministrative": "1035479000",
            "researchAndDevelopment": "1504823000",
            "operatingExpenses": "2607626000",
            "investmentIncomeNet": "None",
            "netInterestIncome": "-3365000",
            "interestIncome": "2442000",
            "interestExpense": "3365000",
            "nonInterestIncome": "4209485000",
            "otherNonOperatingIncome": "-5248000",
            "depreciation": "119100000",
            "depreciationAndAmortization": "120366000",
            "incomeBeforeTax": "806671000",
            "incomeTaxExpense": "49155000",
            "interestAndDebtExpense": "3365000",
            "netIncomeFromContinuingOperations": "756359000",
            "comprehensiveIncomeNetOfTax": "761986000",
            "ebit": "810036000",
            "ebitda": "930402000",
            "netIncome": "757516000"
        },
        {
            "fiscalDateEnding": "2020-10-31",
            "reportedCurrency": "USD",
            "grossProfit": "2890591000",
            "totalRevenue": "3685281000",
            "costOfRevenue": "794690000",
            "costofGoodsAndServicesSold": "114552000",
            "operatingIncome": "620141000",
            "sellingGeneralAndAdministrative": "916540000",
            "researchAndDevelopment": "1279022000",
            "operatingExpenses": "2270450000",
            "investmentIncomeNet": "None",
            "netInterestIncome": "-5140000",
            "interestIncome": "3561000",
            "interestExpense": "5140000",
            "nonInterestIncome": "3690825000",
            "otherNonOperatingIncome": "-7416000",
            "depreciation": "119100000",
            "depreciationAndAmortization": "133833000",
            "incomeBeforeTax": "639059000",
            "incomeTaxExpense": "-25288000",
            "interestAndDebtExpense": "5140000",
            "netIncomeFromContinuingOperations": "663447000",
            "comprehensiveIncomeNetOfTax": "702720000",
            "ebit": "644199000",
            "ebitda": "778032000",
            "netIncome": "664347000"
        },
        {
            "fiscalDateEnding": "2019-10-31",
            "reportedCurrency": "USD",
            "grossProfit": "2607748000",
            "totalRevenue": "3360694000",
            "costOfRevenue": "752946000",
            "costofGoodsAndServicesSold": "112123000",
            "operatingIncome": "520231000",
            "sellingGeneralAndAdministrative": "862108000",
            "researchAndDevelopment": "1136932000",
            "operatingExpenses": "2087517000",
            "investmentIncomeNet": "None",
            "netInterestIncome": "-11659000",
            "interestIncome": "6859000",
            "interestExpense": "11659000",
            "nonInterestIncome": "3364282000",
            "otherNonOperatingIncome": "-1272000",
            "depreciation": "100400000",
            "depreciationAndAmortization": "145073000",
            "incomeBeforeTax": "545506000",
            "incomeTaxExpense": "13139000",
            "interestAndDebtExpense": "11659000",
            "netIncomeFromContinuingOperations": "532367000",
            "comprehensiveIncomeNetOfTax": "553097000",
            "ebit": "557165000",
            "ebitda": "702238000",
            "netIncome": "532367000"
        },
        {
            "fiscalDateEnding": "2018-10-31",
            "reportedCurrency": "USD",
            "grossProfit": "2385160000",
            "totalRevenue": "3121058000",
            "costOfRevenue": "735898000",
            "costofGoodsAndServicesSold": "129734000",
            "operatingIncome": "360225000",
            "sellingGeneralAndAdministrative": "885538000",
            "researchAndDevelopment": "1084822000",
            "operatingExpenses": "2024935000",
            "investmentIncomeNet": "None",
            "netInterestIncome": "-15607000",
            "interestIncome": "5323000",
            "interestExpense": "15607000",
            "nonInterestIncome": "3557000",
            "otherNonOperatingIncome": "5409000",
            "depreciation": "72800000",
            "depreciationAndAmortization": "170893000",
            "incomeBeforeTax": "363543000",
            "incomeTaxExpense": "-68975000",
            "interestAndDebtExpense": "15607000",
            "netIncomeFromContinuingOperations": "432518000",
            "comprehensiveIncomeNetOfTax": "385320000",
            "ebit": "379150000",
            "ebitda": "550043000",
            "netIncome": "432518000"
        }
    ],
    "quarterlyReports": [
        {
            "fiscalDateEnding": "2023-01-31",
            "reportedCurrency": "USD",
            "grossProfit": "1076986000",
            "totalRevenue": "1361340000",
            "costOfRevenue": "284354000",
            "costofGoodsAndServicesSold": "18640000",
            "operatingIncome": "255932000",
            "sellingGeneralAndAdministrative": "308149000",
            "researchAndDevelopment": "465329000",
            "operatingExpenses": "821054000",
            "investmentIncomeNet": "None",
            "netInterestIncome": "-264000",
            "interestIncome": "6899000",
            "interestExpense": "264000",
            "nonInterestIncome": "1364040000",
            "otherNonOperatingIncome": "-6240000",
            "depreciation": "None",
            "depreciationAndAmortization": "32633000",
            "incomeBeforeTax": "282133000",
            "incomeTaxExpense": "10597000",
            "interestAndDebtExpense": "264000",
            "netIncomeFromContinuingOperations": "268627000",
            "comprehensiveIncomeNetOfTax": "363480000",
            "ebit": "282397000",
            "ebitda": "315030000",
            "netIncome": "271536000"
        },
        {
            "fiscalDateEnding": "2022-10-31",
            "reportedCurrency": "USD",
            "grossProfit": "1001571000",
            "totalRevenue": "1284292000",
            "costOfRevenue": "282721000",
            "costofGoodsAndServicesSold": "92691000",
            "operatingIncome": "217373000",
            "sellingGeneralAndAdministrative": "315862000",
            "researchAndDevelopment": "461618000",
            "operatingExpenses": "784198000",
            "investmentIncomeNet": "None",
            "netInterestIncome": "-359000",
            "interestIncome": "3669000",
            "interestExpense": "359000",
            "nonInterestIncome": "1285534000",
            "otherNonOperatingIncome": "8981000",
            "depreciation": "None",
            "depreciationAndAmortization": "33847000",
            "incomeBeforeTax": "214072000",
            "incomeTaxExpense": "60572000",
            "interestAndDebtExpense": "359000",
            "netIncomeFromContinuingOperations": "151557000",
            "comprehensiveIncomeNetOfTax": "74716000",
            "ebit": "214431000",
            "ebitda": "248278000",
            "netIncome": "153500000"
        },
        {
            "fiscalDateEnding": "2022-07-31",
            "reportedCurrency": "USD",
            "grossProfit": "976585000",
            "totalRevenue": "1247766000",
            "costOfRevenue": "271181000",
            "costofGoodsAndServicesSold": "19330000",
            "operatingIncome": "233928000",
            "sellingGeneralAndAdministrative": "290707000",
            "researchAndDevelopment": "444826000",
            "operatingExpenses": "742657000",
            "investmentIncomeNet": "None",
            "netInterestIncome": "-439000",
            "interestIncome": "2735000",
            "interestExpense": "439000",
            "nonInterestIncome": "1247390000",
            "otherNonOperatingIncome": "1598000",
            "depreciation": "None",
            "depreciationAndAmortization": "34197000",
            "incomeBeforeTax": "239334000",
            "incomeTaxExpense": "16708000",
            "interestAndDebtExpense": "439000",
            "netIncomeFromContinuingOperations": "219646000",
            "comprehensiveIncomeNetOfTax": "180232000",
            "ebit": "239773000",
            "ebitda": "273970000",
            "netIncome": "222626000"
        },
        {
            "fiscalDateEnding": "2022-04-30",
            "reportedCurrency": "USD",
            "grossProfit": "1026418000",
            "totalRevenue": "1279229000",
            "costOfRevenue": "252811000",
            "costofGoodsAndServicesSold": "14455000",
            "operatingIncome": "363701000",
            "sellingGeneralAndAdministrative": "265530000",
            "researchAndDevelopment": "389964000",
            "operatingExpenses": "662717000",
            "investmentIncomeNet": "None",
            "netInterestIncome": "-400000",
            "interestIncome": "1283000",
            "interestExpense": "400000",
            "nonInterestIncome": "1284081000",
            "otherNonOperatingIncome": "-338000",
            "depreciation": "None",
            "depreciationAndAmortization": "28960000",
            "incomeBeforeTax": "340677000",
            "incomeTaxExpense": "45896000",
            "interestAndDebtExpense": "400000",
            "netIncomeFromContinuingOperations": "293892000",
            "comprehensiveIncomeNetOfTax": "233139000",
            "ebit": "341077000",
            "ebitda": "370037000",
            "netIncome": "294781000"
        },
        {
            "fiscalDateEnding": "2022-01-31",
            "reportedCurrency": "USD",
            "grossProfit": "1013271000",
            "totalRevenue": "1270255000",
            "costOfRevenue": "256984000",
            "costofGoodsAndServicesSold": "13360000",
            "operatingIncome": "347036000",
            "sellingGeneralAndAdministrative": "261518000",
            "researchAndDevelopment": "383971000",
            "operatingExpenses": "666235000",
            "investmentIncomeNet": "None",
            "netInterestIncome": "-500000",
            "interestIncome": "858000",
            "interestExpense": "500000",
            "nonInterestIncome": "1269231000",
            "otherNonOperatingIncome": "472000",
            "depreciation": "None",
            "depreciationAndAmortization": "32112000",
            "incomeBeforeTax": "327589000",
            "incomeTaxExpense": "13902000",
            "interestAndDebtExpense": "500000",
            "netIncomeFromContinuingOperations": "313341000",
            "comprehensiveIncomeNetOfTax": "311834000",
            "ebit": "328089000",
            "ebitda": "360201000",
            "netIncome": "313687000"
        },
        {
            "fiscalDateEnding": "2021-10-31",
            "reportedCurrency": "USD",
            "grossProfit": "917693000",
            "totalRevenue": "1152419000",
            "costOfRevenue": "234726000",
            "costofGoodsAndServicesSold": "75897000",
            "operatingIncome": "190288000",
            "sellingGeneralAndAdministrative": "286641000",
            "researchAndDevelopment": "413864000",
            "operatingExpenses": "727405000",
            "investmentIncomeNet": "None",
            "netInterestIncome": "-1064000",
            "interestIncome": "1029000",
            "interestExpense": "1064000",
            "nonInterestIncome": "1152428000",
            "otherNonOperatingIncome": "-90000",
            "depreciation": "None",
            "depreciationAndAmortization": "31536000",
            "incomeBeforeTax": "199388000",
            "incomeTaxExpense": "-2059000",
            "interestAndDebtExpense": "1064000",
            "netIncomeFromContinuingOperations": "201137000",
            "comprehensiveIncomeNetOfTax": "200254000",
            "ebit": "200452000",
            "ebitda": "231988000",
            "netIncome": "201447000"
        },
        {
            "fiscalDateEnding": "2021-07-31",
            "reportedCurrency": "USD",
            "grossProfit": "852064000",
            "totalRevenue": "1057130000",
            "costOfRevenue": "205066000",
            "costofGoodsAndServicesSold": "11870000",
            "operatingIncome": "201923000",
            "sellingGeneralAndAdministrative": "255274000",
            "researchAndDevelopment": "371146000",
            "operatingExpenses": "650141000",
            "investmentIncomeNet": "None",
            "netInterestIncome": "-757000",
            "interestIncome": "657000",
            "interestExpense": "757000",
            "nonInterestIncome": "1059886000",
            "otherNonOperatingIncome": "-1715000",
            "depreciation": "None",
            "depreciationAndAmortization": "30020000",
            "incomeBeforeTax": "213591000",
            "incomeTaxExpense": "14945000",
            "interestAndDebtExpense": "757000",
            "netIncomeFromContinuingOperations": "198392000",
            "comprehensiveIncomeNetOfTax": "191590000",
            "ebit": "214348000",
            "ebitda": "244368000",
            "netIncome": "198646000"
        },
        {
            "fiscalDateEnding": "2021-04-30",
            "reportedCurrency": "USD",
            "grossProfit": "810337000",
            "totalRevenue": "1024323000",
            "costOfRevenue": "213986000",
            "costofGoodsAndServicesSold": "11408000",
            "operatingIncome": "194231000",
            "sellingGeneralAndAdministrative": "245448000",
            "researchAndDevelopment": "362345000",
            "operatingExpenses": "616106000",
            "investmentIncomeNet": "None",
            "netInterestIncome": "-807000",
            "interestIncome": "447000",
            "interestExpense": "807000",
            "nonInterestIncome": "1027165000",
            "otherNonOperatingIncome": "-2076000",
            "depreciation": "None",
            "depreciationAndAmortization": "29106000",
            "incomeBeforeTax": "216271000",
            "incomeTaxExpense": "21193000",
            "interestAndDebtExpense": "807000",
            "netIncomeFromContinuingOperations": "194802000",
            "comprehensiveIncomeNetOfTax": "188498000",
            "ebit": "217078000",
            "ebitda": "246184000",
            "netIncome": "195078000"
        },
        {
            "fiscalDateEnding": "2021-01-31",
            "reportedCurrency": "USD",
            "grossProfit": "762322000",
            "totalRevenue": "970321000",
            "costOfRevenue": "207999000",
            "costofGoodsAndServicesSold": "11886000",
            "operatingIncome": "148348000",
            "sellingGeneralAndAdministrative": "248116000",
            "researchAndDevelopment": "357468000",
            "operatingExpenses": "613974000",
            "investmentIncomeNet": "None",
            "netInterestIncome": "-739000",
            "interestIncome": "310000",
            "interestExpense": "739000",
            "nonInterestIncome": "970006000",
            "otherNonOperatingIncome": "-1366000",
            "depreciation": "None",
            "depreciationAndAmortization": "29704000",
            "incomeBeforeTax": "177421000",
            "incomeTaxExpense": "15076000",
            "interestAndDebtExpense": "739000",
            "netIncomeFromContinuingOperations": "162028000",
            "comprehensiveIncomeNetOfTax": "181644000",
            "ebit": "178160000",
            "ebitda": "207864000",
            "netIncome": "162345000"
        },
        {
            "fiscalDateEnding": "2020-10-31",
            "reportedCurrency": "USD",
            "grossProfit": "800890000",
            "totalRevenue": "1025439000",
            "costOfRevenue": "224549000",
            "costofGoodsAndServicesSold": "73820000",
            "operatingIncome": "196132000",
            "sellingGeneralAndAdministrative": "256295000",
            "researchAndDevelopment": "339566000",
            "operatingExpenses": "604758000",
            "investmentIncomeNet": "None",
            "netInterestIncome": "-750000",
            "interestIncome": "424000",
            "interestExpense": "750000",
            "nonInterestIncome": "1025728000",
            "otherNonOperatingIncome": "-5832000",
            "depreciation": "None",
            "depreciationAndAmortization": "31229000",
            "incomeBeforeTax": "192466000",
            "incomeTaxExpense": "-4989000",
            "interestAndDebtExpense": "750000",
            "netIncomeFromContinuingOperations": "196555000",
            "comprehensiveIncomeNetOfTax": "216201000",
            "ebit": "193216000",
            "ebitda": "224445000",
            "netIncome": "197455000"
        },
        {
            "fiscalDateEnding": "2020-07-31",
            "reportedCurrency": "USD",
            "grossProfit": "771126000",
            "totalRevenue": "964134000",
            "costOfRevenue": "193008000",
            "costofGoodsAndServicesSold": "13718000",
            "operatingIncome": "210598000",
            "sellingGeneralAndAdministrative": "229972000",
            "researchAndDevelopment": "322602000",
            "operatingExpenses": "560528000",
            "investmentIncomeNet": "None",
            "netInterestIncome": "-941000",
            "interestIncome": "780000",
            "interestExpense": "941000",
            "nonInterestIncome": "964257000",
            "otherNonOperatingIncome": "141000",
            "depreciation": "None",
            "depreciationAndAmortization": "34527000",
            "incomeBeforeTax": "236854000",
            "incomeTaxExpense": "-16057000",
            "interestAndDebtExpense": "941000",
            "netIncomeFromContinuingOperations": "252911000",
            "comprehensiveIncomeNetOfTax": "284121000",
            "ebit": "237795000",
            "ebitda": "272322000",
            "netIncome": "252911000"
        },
        {
            "fiscalDateEnding": "2020-04-30",
            "reportedCurrency": "USD",
            "grossProfit": "677062000",
            "totalRevenue": "861327000",
            "costOfRevenue": "184265000",
            "costofGoodsAndServicesSold": "13845000",
            "operatingIncome": "125895000",
            "sellingGeneralAndAdministrative": "208674000",
            "researchAndDevelopment": "302571000",
            "operatingExpenses": "551167000",
            "investmentIncomeNet": "None",
            "netInterestIncome": "-1846000",
            "interestIncome": "879000",
            "interestExpense": "1846000",
            "nonInterestIncome": "866366000",
            "otherNonOperatingIncome": "-1341000",
            "depreciation": "None",
            "depreciationAndAmortization": "35278000",
            "incomeBeforeTax": "110166000",
            "incomeTaxExpense": "246000",
            "interestAndDebtExpense": "1846000",
            "netIncomeFromContinuingOperations": "109920000",
            "comprehensiveIncomeNetOfTax": "89201000",
            "ebit": "112012000",
            "ebitda": "147290000",
            "netIncome": "109920000"
        },
        {
            "fiscalDateEnding": "2020-01-31",
            "reportedCurrency": "USD",
            "grossProfit": "641513000",
            "totalRevenue": "834381000",
            "costOfRevenue": "192868000",
            "costofGoodsAndServicesSold": "13169000",
            "operatingIncome": "87516000",
            "sellingGeneralAndAdministrative": "221599000",
            "researchAndDevelopment": "314283000",
            "operatingExpenses": "553997000",
            "investmentIncomeNet": "None",
            "netInterestIncome": "-1603000",
            "interestIncome": "1478000",
            "interestExpense": "1603000",
            "nonInterestIncome": "834474000",
            "otherNonOperatingIncome": "-384000",
            "depreciation": "None",
            "depreciationAndAmortization": "32798000",
            "incomeBeforeTax": "99573000",
            "incomeTaxExpense": "-4488000",
            "interestAndDebtExpense": "1603000",
            "netIncomeFromContinuingOperations": "104061000",
            "comprehensiveIncomeNetOfTax": "113197000",
            "ebit": "101176000",
            "ebitda": "133974000",
            "netIncome": "104061000"
        },
        {
            "fiscalDateEnding": "2019-10-31",
            "reportedCurrency": "USD",
            "grossProfit": "668338000",
            "totalRevenue": "851081000",
            "costOfRevenue": "182743000",
            "costofGoodsAndServicesSold": "66196000",
            "operatingIncome": "129721000",
            "sellingGeneralAndAdministrative": "224594000",
            "researchAndDevelopment": "290503000",
            "operatingExpenses": "538617000",
            "investmentIncomeNet": "None",
            "netInterestIncome": "-1051000",
            "interestIncome": "1579000",
            "interestExpense": "1051000",
            "nonInterestIncome": "851670000",
            "otherNonOperatingIncome": "-1773000",
            "depreciation": "None",
            "depreciationAndAmortization": "34517000",
            "incomeBeforeTax": "131623000",
            "incomeTaxExpense": "-29091000",
            "interestAndDebtExpense": "1051000",
            "netIncomeFromContinuingOperations": "160714000",
            "comprehensiveIncomeNetOfTax": "164920000",
            "ebit": "132674000",
            "ebitda": "167191000",
            "netIncome": "160714000"
        },
        {
            "fiscalDateEnding": "2019-07-31",
            "reportedCurrency": "USD",
            "grossProfit": "666338000",
            "totalRevenue": "852970000",
            "costOfRevenue": "186632000",
            "costofGoodsAndServicesSold": "13603000",
            "operatingIncome": "127594000",
            "sellingGeneralAndAdministrative": "224491000",
            "researchAndDevelopment": "284804000",
            "operatingExpenses": "538744000",
            "investmentIncomeNet": "None",
            "netInterestIncome": "-2214000",
            "interestIncome": "1789000",
            "interestExpense": "2214000",
            "nonInterestIncome": "853666000",
            "otherNonOperatingIncome": "360000",
            "depreciation": "None",
            "depreciationAndAmortization": "34525000",
            "incomeBeforeTax": "132911000",
            "incomeTaxExpense": "32982000",
            "interestAndDebtExpense": "2214000",
            "netIncomeFromContinuingOperations": "99929000",
            "comprehensiveIncomeNetOfTax": "99996000",
            "ebit": "135125000",
            "ebitda": "169650000",
            "netIncome": "99929000"
        },
        {
            "fiscalDateEnding": "2019-04-30",
            "reportedCurrency": "USD",
            "grossProfit": "645563000",
            "totalRevenue": "836242000",
            "costOfRevenue": "190679000",
            "costofGoodsAndServicesSold": "14881000",
            "operatingIncome": "115502000",
            "sellingGeneralAndAdministrative": "215003000",
            "researchAndDevelopment": "290299000",
            "operatingExpenses": "530061000",
            "investmentIncomeNet": "None",
            "netInterestIncome": "-3841000",
            "interestIncome": "5153000",
            "interestExpense": "3841000",
            "nonInterestIncome": "838960000",
            "otherNonOperatingIncome": "1385000",
            "depreciation": "None",
            "depreciationAndAmortization": "36248000",
            "incomeBeforeTax": "133917000",
            "incomeTaxExpense": "15707000",
            "interestAndDebtExpense": "3841000",
            "netIncomeFromContinuingOperations": "118210000",
            "comprehensiveIncomeNetOfTax": "119342000",
            "ebit": "137758000",
            "ebitda": "174006000",
            "netIncome": "118210000"
        },
        {
            "fiscalDateEnding": "2019-01-31",
            "reportedCurrency": "USD",
            "grossProfit": "627509000",
            "totalRevenue": "820401000",
            "costOfRevenue": "192892000",
            "costofGoodsAndServicesSold": "17443000",
            "operatingIncome": "147414000",
            "sellingGeneralAndAdministrative": "198020000",
            "researchAndDevelopment": "271326000",
            "operatingExpenses": "480095000",
            "investmentIncomeNet": "None",
            "netInterestIncome": "-4554000",
            "interestIncome": "None",
            "interestExpense": "4554000",
            "nonInterestIncome": "819985000",
            "otherNonOperatingIncome": "-1243000",
            "depreciation": "None",
            "depreciationAndAmortization": "39783000",
            "incomeBeforeTax": "147055000",
            "incomeTaxExpense": "-6459000",
            "interestAndDebtExpense": "4554000",
            "netIncomeFromContinuingOperations": "153514000",
            "comprehensiveIncomeNetOfTax": "168839000",
            "ebit": "151609000",
            "ebitda": "191392000",
            "netIncome": "153514000"
        },
        {
            "fiscalDateEnding": "2018-10-31",
            "reportedCurrency": "USD",
            "grossProfit": "604500000",
            "totalRevenue": "795082000",
            "costOfRevenue": "190582000",
            "costofGoodsAndServicesSold": "-415582000",
            "operatingIncome": "61525000",
            "sellingGeneralAndAdministrative": "230368000",
            "researchAndDevelopment": "290875000",
            "operatingExpenses": "542975000",
            "investmentIncomeNet": "None",
            "netInterestIncome": "-4326000",
            "interestIncome": "None",
            "interestExpense": "4326000",
            "nonInterestIncome": "1735000",
            "otherNonOperatingIncome": "1509000",
            "depreciation": "None",
            "depreciationAndAmortization": "46719000",
            "incomeBeforeTax": "52248000",
            "incomeTaxExpense": "-202080000",
            "interestAndDebtExpense": "4326000",
            "netIncomeFromContinuingOperations": "-172000000",
            "comprehensiveIncomeNetOfTax": "235804000",
            "ebit": "56574000",
            "ebitda": "103293000",
            "netIncome": "254328000"
        },
        {
            "fiscalDateEnding": "2018-07-31",
            "reportedCurrency": "USD",
            "grossProfit": "594333000",
            "totalRevenue": "779714000",
            "costOfRevenue": "185381000",
            "costofGoodsAndServicesSold": "185381000",
            "operatingIncome": "63968000",
            "sellingGeneralAndAdministrative": "242289000",
            "researchAndDevelopment": "277402000",
            "operatingExpenses": "530365000",
            "investmentIncomeNet": "None",
            "netInterestIncome": "-4558000",
            "interestIncome": "None",
            "interestExpense": "4558000",
            "nonInterestIncome": "1627000",
            "otherNonOperatingIncome": "1363000",
            "depreciation": "None",
            "depreciationAndAmortization": "42350000",
            "incomeBeforeTax": "71893000",
            "incomeTaxExpense": "-7516000",
            "interestAndDebtExpense": "4558000",
            "netIncomeFromContinuingOperations": "79409000",
            "comprehensiveIncomeNetOfTax": "47145000",
            "ebit": "76451000",
            "ebitda": "118801000",
            "netIncome": "79409000"
        },
        {
            "fiscalDateEnding": "2018-04-30",
            "reportedCurrency": "USD",
            "grossProfit": "598057000",
            "totalRevenue": "776836000",
            "costOfRevenue": "178779000",
            "costofGoodsAndServicesSold": "178779000",
            "operatingIncome": "127014000",
            "sellingGeneralAndAdministrative": "205997000",
            "researchAndDevelopment": "252134000",
            "operatingExpenses": "471043000",
            "investmentIncomeNet": "None",
            "netInterestIncome": "-3880000",
            "interestIncome": "None",
            "interestExpense": "3880000",
            "nonInterestIncome": "1117000",
            "otherNonOperatingIncome": "1366000",
            "depreciation": "None",
            "depreciationAndAmortization": "42818000",
            "incomeBeforeTax": "119299000",
            "incomeTaxExpense": "16827000",
            "interestAndDebtExpense": "3880000",
            "netIncomeFromContinuingOperations": "102472000",
            "comprehensiveIncomeNetOfTax": "77275000",
            "ebit": "123179000",
            "ebitda": "165997000",
            "netIncome": "102472000"
        }
    ]
}