{
    "symbol": "VTR",
    "annualReports": [
        {
            "fiscalDateEnding": "2022-12-31",
            "reportedCurrency": "USD",
            "grossProfit": "432269000",
            "totalRevenue": "4129193000",
            "costOfRevenue": "3696924000",
            "costofGoodsAndServicesSold": "2282918000",
            "operatingIncome": "-961980000",
            "sellingGeneralAndAdministrative": "144874000",
            "researchAndDevelopment": "None",
            "operatingExpenses": "1394249000",
            "investmentIncomeNet": "None",
            "netInterestIncome": "-467557000",
            "interestIncome": "439057000",
            "interestExpense": "467557000",
            "nonInterestIncome": "-581000",
            "otherNonOperatingIncome": "8361000",
            "depreciation": "None",
            "depreciationAndAmortization": "1197798000",
            "incomeBeforeTax": "-64373000",
            "incomeTaxExpense": "-16926000",
            "interestAndDebtExpense": "468138000",
            "netIncomeFromContinuingOperations": "-40931000",
            "comprehensiveIncomeNetOfTax": "-19726000",
            "ebit": "403184000",
            "ebitda": "1600982000",
            "netIncome": "-47447000"
        },
        {
            "fiscalDateEnding": "2021-12-31",
            "reportedCurrency": "USD",
            "grossProfit": "374113000",
            "totalRevenue": "3828007000",
            "costOfRevenue": "3453894000",
            "costofGoodsAndServicesSold": "2088497000",
            "operatingIncome": "-781578000",
            "sellingGeneralAndAdministrative": "129758000",
            "researchAndDevelopment": "None",
            "operatingExpenses": "1155691000",
            "investmentIncomeNet": "None",
            "netInterestIncome": "-440089000",
            "interestIncome": "435106000",
            "interestExpense": "440089000",
            "nonInterestIncome": "-59299000",
            "otherNonOperatingIncome": "278087000",
            "depreciation": "None",
            "depreciationAndAmortization": "1197403000",
            "incomeBeforeTax": "53835000",
            "incomeTaxExpense": "4827000",
            "interestAndDebtExpense": "499388000",
            "netIncomeFromContinuingOperations": "56559000",
            "comprehensiveIncomeNetOfTax": "38843000",
            "ebit": "493924000",
            "ebitda": "1691327000",
            "netIncome": "49008000"
        },
        {
            "fiscalDateEnding": "2020-12-31",
            "reportedCurrency": "USD",
            "grossProfit": "561628000",
            "totalRevenue": "3795357000",
            "costOfRevenue": "3233729000",
            "costofGoodsAndServicesSold": "1939758000",
            "operatingIncome": "-445887000",
            "sellingGeneralAndAdministrative": "130158000",
            "researchAndDevelopment": "None",
            "operatingExpenses": "1007515000",
            "investmentIncomeNet": "None",
            "netInterestIncome": "-469541000",
            "interestIncome": "7609000",
            "interestExpense": "469541000",
            "nonInterestIncome": "-10791000",
            "otherNonOperatingIncome": "273009000",
            "depreciation": "None",
            "depreciationAndAmortization": "1109763000",
            "incomeBeforeTax": "342615000",
            "incomeTaxExpense": "-96534000",
            "interestAndDebtExpense": "480332000",
            "netIncomeFromContinuingOperations": "441185000",
            "comprehensiveIncomeNetOfTax": "419359000",
            "ebit": "812156000",
            "ebitda": "1921919000",
            "netIncome": "439149000"
        },
        {
            "fiscalDateEnding": "2019-12-31",
            "reportedCurrency": "USD",
            "grossProfit": "2643580000",
            "totalRevenue": "3872750000",
            "costOfRevenue": "1229170000",
            "costofGoodsAndServicesSold": "2319000",
            "operatingIncome": "1442751000",
            "sellingGeneralAndAdministrative": "165996000",
            "researchAndDevelopment": "None",
            "operatingExpenses": "1200829000",
            "investmentIncomeNet": "89201000",
            "netInterestIncome": "-451662000",
            "interestIncome": "10984000",
            "interestExpense": "451662000",
            "nonInterestIncome": "-41900000",
            "otherNonOperatingIncome": "17609000",
            "depreciation": "None",
            "depreciationAndAmortization": "1045620000",
            "incomeBeforeTax": "376706000",
            "incomeTaxExpense": "-56310000",
            "interestAndDebtExpense": "493562000",
            "netIncomeFromContinuingOperations": "439297000",
            "comprehensiveIncomeNetOfTax": "418197000",
            "ebit": "828368000",
            "ebitda": "1873988000",
            "netIncome": "433016000"
        },
        {
            "fiscalDateEnding": "2018-12-31",
            "reportedCurrency": "USD",
            "grossProfit": "2591132000",
            "totalRevenue": "3745810000",
            "costOfRevenue": "1154678000",
            "costofGoodsAndServicesSold": "1418000",
            "operatingIncome": "1415933000",
            "sellingGeneralAndAdministrative": "151982000",
            "researchAndDevelopment": "None",
            "operatingExpenses": "1175199000",
            "investmentIncomeNet": "124218000",
            "netInterestIncome": "-442497000",
            "interestIncome": "24892000",
            "interestExpense": "442497000",
            "nonInterestIncome": "1455553000",
            "otherNonOperatingIncome": "-66768000",
            "depreciation": "None",
            "depreciationAndAmortization": "919639000",
            "incomeBeforeTax": "369514000",
            "incomeTaxExpense": "-39953000",
            "interestAndDebtExpense": "500751000",
            "netIncomeFromContinuingOperations": "415991000",
            "comprehensiveIncomeNetOfTax": "425005000",
            "ebit": "812011000",
            "ebitda": "1731650000",
            "netIncome": "409467000"
        }
    ],
    "quarterlyReports": [
        {
            "fiscalDateEnding": "2022-12-31",
            "reportedCurrency": "USD",
            "grossProfit": "123507000",
            "totalRevenue": "1051425000",
            "costOfRevenue": "927918000",
            "costofGoodsAndServicesSold": "591539000",
            "operatingIncome": "-195493000",
            "sellingGeneralAndAdministrative": "33540000",
            "researchAndDevelopment": "None",
            "operatingExpenses": "319000000",
            "investmentIncomeNet": "None",
            "netInterestIncome": "-123399000",
            "interestIncome": "91553000",
            "interestExpense": "123399000",
            "nonInterestIncome": "0",
            "otherNonOperatingIncome": "-21519000",
            "depreciation": "None",
            "depreciationAndAmortization": "324178000",
            "incomeBeforeTax": "-47638000",
            "incomeTaxExpense": "-2619000",
            "interestAndDebtExpense": "123399000",
            "netIncomeFromContinuingOperations": "-43384000",
            "comprehensiveIncomeNetOfTax": "-34509000",
            "ebit": "75761000",
            "ebitda": "399939000",
            "netIncome": "-45019000"
        },
        {
            "fiscalDateEnding": "2022-09-30",
            "reportedCurrency": "USD",
            "grossProfit": "95979000",
            "totalRevenue": "1037276000",
            "costOfRevenue": "941297000",
            "costofGoodsAndServicesSold": "571576000",
            "operatingIncome": "-273669000",
            "sellingGeneralAndAdministrative": "35421000",
            "researchAndDevelopment": "None",
            "operatingExpenses": "369648000",
            "investmentIncomeNet": "None",
            "netInterestIncome": "-119413000",
            "interestIncome": "117443000",
            "interestExpense": "119413000",
            "nonInterestIncome": "-574000",
            "otherNonOperatingIncome": "-9162000",
            "depreciation": "None",
            "depreciationAndAmortization": "301481000",
            "incomeBeforeTax": "-4744000",
            "incomeTaxExpense": "-6000000",
            "interestAndDebtExpense": "119987000",
            "netIncomeFromContinuingOperations": "3063000",
            "comprehensiveIncomeNetOfTax": "10304000",
            "ebit": "114669000",
            "ebitda": "416150000",
            "netIncome": "1256000"
        },
        {
            "fiscalDateEnding": "2022-06-30",
            "reportedCurrency": "USD",
            "grossProfit": "118163000",
            "totalRevenue": "1022938000",
            "costOfRevenue": "904775000",
            "costofGoodsAndServicesSold": "575769000",
            "operatingIncome": "-210939000",
            "sellingGeneralAndAdministrative": "32915000",
            "researchAndDevelopment": "None",
            "operatingExpenses": "329102000",
            "investmentIncomeNet": "None",
            "netInterestIncome": "-113951000",
            "interestIncome": "114998000",
            "interestExpense": "113951000",
            "nonInterestIncome": "-7000",
            "otherNonOperatingIncome": "-48116000",
            "depreciation": "None",
            "depreciationAndAmortization": "283075000",
            "incomeBeforeTax": "-46206000",
            "incomeTaxExpense": "-3790000",
            "interestAndDebtExpense": "113958000",
            "netIncomeFromContinuingOperations": "-41202000",
            "comprehensiveIncomeNetOfTax": "-39475000",
            "ebit": "67745000",
            "ebitda": "350820000",
            "netIncome": "-42416000"
        },
        {
            "fiscalDateEnding": "2022-03-31",
            "reportedCurrency": "USD",
            "grossProfit": "107220000",
            "totalRevenue": "1017554000",
            "costOfRevenue": "910334000",
            "costofGoodsAndServicesSold": "544034000",
            "operatingIncome": "-256679000",
            "sellingGeneralAndAdministrative": "42998000",
            "researchAndDevelopment": "None",
            "operatingExpenses": "363899000",
            "investmentIncomeNet": "None",
            "netInterestIncome": "-110794000",
            "interestIncome": "115063000",
            "interestExpense": "110794000",
            "nonInterestIncome": "0",
            "otherNonOperatingIncome": "27190000",
            "depreciation": "None",
            "depreciationAndAmortization": "289064000",
            "incomeBeforeTax": "34232000",
            "incomeTaxExpense": "-4500000",
            "interestAndDebtExpense": "110794000",
            "netIncomeFromContinuingOperations": "40592000",
            "comprehensiveIncomeNetOfTax": "43955000",
            "ebit": "145026000",
            "ebitda": "434090000",
            "netIncome": "38732000"
        },
        {
            "fiscalDateEnding": "2021-12-31",
            "reportedCurrency": "USD",
            "grossProfit": "246050000",
            "totalRevenue": "1022444000",
            "costOfRevenue": "776394000",
            "costofGoodsAndServicesSold": "582576000",
            "operatingIncome": "76876000",
            "sellingGeneralAndAdministrative": "28602000",
            "researchAndDevelopment": "None",
            "operatingExpenses": "169174000",
            "investmentIncomeNet": "None",
            "netInterestIncome": "-110455000",
            "interestIncome": "112761000",
            "interestExpense": "110455000",
            "nonInterestIncome": "-2491000",
            "otherNonOperatingIncome": "9152000",
            "depreciation": "None",
            "depreciationAndAmortization": "318959000",
            "incomeBeforeTax": "-45601000",
            "incomeTaxExpense": "-4747000",
            "interestAndDebtExpense": "112946000",
            "netIncomeFromContinuingOperations": "-39105000",
            "comprehensiveIncomeNetOfTax": "-37773000",
            "ebit": "64854000",
            "ebitda": "383813000",
            "netIncome": "-40854000"
        },
        {
            "fiscalDateEnding": "2021-09-30",
            "reportedCurrency": "USD",
            "grossProfit": "85771000",
            "totalRevenue": "976078000",
            "costOfRevenue": "890307000",
            "costofGoodsAndServicesSold": "523850000",
            "operatingIncome": "-130454000",
            "sellingGeneralAndAdministrative": "30259000",
            "researchAndDevelopment": "None",
            "operatingExpenses": "216225000",
            "investmentIncomeNet": "None",
            "netInterestIncome": "-108816000",
            "interestIncome": "106044000",
            "interestExpense": "108816000",
            "nonInterestIncome": "-29792000",
            "otherNonOperatingIncome": "-33673000",
            "depreciation": "None",
            "depreciationAndAmortization": "313596000",
            "incomeBeforeTax": "64480000",
            "incomeTaxExpense": "3800000",
            "interestAndDebtExpense": "138608000",
            "netIncomeFromContinuingOperations": "62774000",
            "comprehensiveIncomeNetOfTax": "51369000",
            "ebit": "173296000",
            "ebitda": "486892000",
            "netIncome": "60680000"
        },
        {
            "fiscalDateEnding": "2021-06-30",
            "reportedCurrency": "USD",
            "grossProfit": "142391000",
            "totalRevenue": "919194000",
            "costOfRevenue": "776803000",
            "costofGoodsAndServicesSold": "494853000",
            "operatingIncome": "-98360000",
            "sellingGeneralAndAdministrative": "30588000",
            "researchAndDevelopment": "None",
            "operatingExpenses": "240751000",
            "investmentIncomeNet": "None",
            "netInterestIncome": "-110051000",
            "interestIncome": "105284000",
            "interestExpense": "110051000",
            "nonInterestIncome": "74000",
            "otherNonOperatingIncome": "13490000",
            "depreciation": "None",
            "depreciationAndAmortization": "250700000",
            "incomeBeforeTax": "90032000",
            "incomeTaxExpense": "3641000",
            "interestAndDebtExpense": "109977000",
            "netIncomeFromContinuingOperations": "88288000",
            "comprehensiveIncomeNetOfTax": "80598000",
            "ebit": "200083000",
            "ebitda": "450783000",
            "netIncome": "86391000"
        },
        {
            "fiscalDateEnding": "2021-03-31",
            "reportedCurrency": "USD",
            "grossProfit": "-5599000",
            "totalRevenue": "910291000",
            "costOfRevenue": "915890000",
            "costofGoodsAndServicesSold": "487218000",
            "operatingIncome": "-440640000",
            "sellingGeneralAndAdministrative": "40309000",
            "researchAndDevelopment": "None",
            "operatingExpenses": "435041000",
            "investmentIncomeNet": "None",
            "netInterestIncome": "-110767000",
            "interestIncome": "111017000",
            "interestExpense": "110767000",
            "nonInterestIncome": "-27090000",
            "otherNonOperatingIncome": "9428000",
            "depreciation": "None",
            "depreciationAndAmortization": "314148000",
            "incomeBeforeTax": "-55009000",
            "incomeTaxExpense": "2200000",
            "interestAndDebtExpense": "137857000",
            "netIncomeFromContinuingOperations": "-55398000",
            "comprehensiveIncomeNetOfTax": "-55351000",
            "ebit": "55758000",
            "ebitda": "369906000",
            "netIncome": "-57209000"
        },
        {
            "fiscalDateEnding": "2020-12-31",
            "reportedCurrency": "USD",
            "grossProfit": "921165000",
            "totalRevenue": "921165000",
            "costOfRevenue": "2228629000",
            "costofGoodsAndServicesSold": "1937931000",
            "operatingIncome": "921165000",
            "sellingGeneralAndAdministrative": "23411000",
            "researchAndDevelopment": "None",
            "operatingExpenses": "244343000",
            "investmentIncomeNet": "None",
            "netInterestIncome": "-114208000",
            "interestIncome": "644000",
            "interestExpense": "114208000",
            "nonInterestIncome": "-3405000",
            "otherNonOperatingIncome": "30759000",
            "depreciation": "None",
            "depreciationAndAmortization": "261966000",
            "incomeBeforeTax": "109772000",
            "incomeTaxExpense": "-679000",
            "interestAndDebtExpense": "117613000",
            "netIncomeFromContinuingOperations": "111953000",
            "comprehensiveIncomeNetOfTax": "121139000",
            "ebit": "223980000",
            "ebitda": "485946000",
            "netIncome": "110451000"
        },
        {
            "fiscalDateEnding": "2020-09-30",
            "reportedCurrency": "USD",
            "grossProfit": "-6020000",
            "totalRevenue": "918940000",
            "costOfRevenue": "924960000",
            "costofGoodsAndServicesSold": "495542000",
            "operatingIncome": "-417817000",
            "sellingGeneralAndAdministrative": "34228000",
            "researchAndDevelopment": "None",
            "operatingExpenses": "411797000",
            "investmentIncomeNet": "None",
            "netInterestIncome": "-115505000",
            "interestIncome": "114640000",
            "interestExpense": "115505000",
            "nonInterestIncome": "-7386000",
            "otherNonOperatingIncome": "-5681000",
            "depreciation": "None",
            "depreciationAndAmortization": "249366000",
            "incomeBeforeTax": "9556000",
            "incomeTaxExpense": "-3195000",
            "interestAndDebtExpense": "122891000",
            "netIncomeFromContinuingOperations": "13737000",
            "comprehensiveIncomeNetOfTax": "30469000",
            "ebit": "125061000",
            "ebitda": "374427000",
            "netIncome": "12751000"
        },
        {
            "fiscalDateEnding": "2020-06-30",
            "reportedCurrency": "USD",
            "grossProfit": "526836000",
            "totalRevenue": "943198000",
            "costOfRevenue": "416362000",
            "costofGoodsAndServicesSold": "543000",
            "operatingIncome": "141926000",
            "sellingGeneralAndAdministrative": "29984000",
            "researchAndDevelopment": "None",
            "operatingExpenses": "384910000",
            "investmentIncomeNet": "None",
            "netInterestIncome": "-123132000",
            "interestIncome": "1540000",
            "interestExpense": "123132000",
            "nonInterestIncome": "0",
            "otherNonOperatingIncome": "-5286000",
            "depreciation": "None",
            "depreciationAndAmortization": "349594000",
            "incomeBeforeTax": "-100814000",
            "incomeTaxExpense": "56356000",
            "interestAndDebtExpense": "123132000",
            "netIncomeFromContinuingOperations": "-159235000",
            "comprehensiveIncomeNetOfTax": "-136522000",
            "ebit": "22318000",
            "ebitda": "371912000",
            "netIncome": "-157170000"
        },
        {
            "fiscalDateEnding": "2020-03-31",
            "reportedCurrency": "USD",
            "grossProfit": "699537000",
            "totalRevenue": "1012054000",
            "costOfRevenue": "312517000",
            "costofGoodsAndServicesSold": "727000",
            "operatingIncome": "613972000",
            "sellingGeneralAndAdministrative": "42535000",
            "researchAndDevelopment": "None",
            "operatingExpenses": "85565000",
            "investmentIncomeNet": "None",
            "netInterestIncome": "-116696000",
            "interestIncome": "4853000",
            "interestExpense": "116696000",
            "nonInterestIncome": "0",
            "otherNonOperatingIncome": "-5783000",
            "depreciation": "None",
            "depreciationAndAmortization": "248837000",
            "incomeBeforeTax": "324101000",
            "incomeTaxExpense": "-149016000",
            "interestAndDebtExpense": "116696000",
            "netIncomeFromContinuingOperations": "474730000",
            "comprehensiveIncomeNetOfTax": "404273000",
            "ebit": "440797000",
            "ebitda": "689634000",
            "netIncome": "473117000"
        },
        {
            "fiscalDateEnding": "2019-12-31",
            "reportedCurrency": "USD",
            "grossProfit": "996004000",
            "totalRevenue": "996004000",
            "costOfRevenue": "372632000",
            "costofGoodsAndServicesSold": "544000",
            "operatingIncome": "996004000",
            "sellingGeneralAndAdministrative": "41627000",
            "researchAndDevelopment": "None",
            "operatingExpenses": "370666000",
            "investmentIncomeNet": "None",
            "netInterestIncome": "-116707000",
            "interestIncome": "875000",
            "interestExpense": "116707000",
            "nonInterestIncome": "-39000",
            "otherNonOperatingIncome": "8315000",
            "depreciation": "None",
            "depreciationAndAmortization": "348910000",
            "incomeBeforeTax": "12137000",
            "incomeTaxExpense": "694000",
            "interestAndDebtExpense": "116746000",
            "netIncomeFromContinuingOperations": "12893000",
            "comprehensiveIncomeNetOfTax": "36736000",
            "ebit": "128844000",
            "ebitda": "477754000",
            "netIncome": "11443000"
        },
        {
            "fiscalDateEnding": "2019-09-30",
            "reportedCurrency": "USD",
            "grossProfit": "703091000",
            "totalRevenue": "983155000",
            "costOfRevenue": "280064000",
            "costofGoodsAndServicesSold": "627000",
            "operatingIncome": "423690000",
            "sellingGeneralAndAdministrative": "40530000",
            "researchAndDevelopment": "None",
            "operatingExpenses": "279401000",
            "investmentIncomeNet": "None",
            "netInterestIncome": "-113967000",
            "interestIncome": "620000",
            "interestExpense": "113967000",
            "nonInterestIncome": "-37434000",
            "otherNonOperatingIncome": "-2164000",
            "depreciation": "None",
            "depreciationAndAmortization": "234603000",
            "incomeBeforeTax": "87259000",
            "incomeTaxExpense": "2000000",
            "interestAndDebtExpense": "151401000",
            "netIncomeFromContinuingOperations": "86918000",
            "comprehensiveIncomeNetOfTax": "65073000",
            "ebit": "201226000",
            "ebitda": "435829000",
            "netIncome": "85259000"
        },
        {
            "fiscalDateEnding": "2019-06-30",
            "reportedCurrency": "USD",
            "grossProfit": "676336000",
            "totalRevenue": "950717000",
            "costOfRevenue": "274381000",
            "costofGoodsAndServicesSold": "515000",
            "operatingIncome": "433101000",
            "sellingGeneralAndAdministrative": "43079000",
            "researchAndDevelopment": "None",
            "operatingExpenses": "243235000",
            "investmentIncomeNet": "19529000",
            "netInterestIncome": "-110369000",
            "interestIncome": "9202000",
            "interestExpense": "110369000",
            "nonInterestIncome": "-4022000",
            "otherNonOperatingIncome": "11481000",
            "depreciation": "None",
            "depreciationAndAmortization": "226187000",
            "incomeBeforeTax": "152729000",
            "incomeTaxExpense": "-57800000",
            "interestAndDebtExpense": "114391000",
            "netIncomeFromContinuingOperations": "211898000",
            "comprehensiveIncomeNetOfTax": "182923000",
            "ebit": "263098000",
            "ebitda": "489285000",
            "netIncome": "210529000"
        },
        {
            "fiscalDateEnding": "2019-03-31",
            "reportedCurrency": "USD",
            "grossProfit": "653814000",
            "totalRevenue": "942874000",
            "costOfRevenue": "289060000",
            "costofGoodsAndServicesSold": "633000",
            "operatingIncome": "370131000",
            "sellingGeneralAndAdministrative": "40760000",
            "researchAndDevelopment": "None",
            "operatingExpenses": "283683000",
            "investmentIncomeNet": "17126000",
            "netInterestIncome": "-110619000",
            "interestIncome": "111565000",
            "interestExpense": "110619000",
            "nonInterestIncome": "-405000",
            "otherNonOperatingIncome": "-23000",
            "depreciation": "None",
            "depreciationAndAmortization": "235920000",
            "incomeBeforeTax": "124528000",
            "incomeTaxExpense": "-1257000",
            "interestAndDebtExpense": "111024000",
            "netIncomeFromContinuingOperations": "127588000",
            "comprehensiveIncomeNetOfTax": "133465000",
            "ebit": "235147000",
            "ebitda": "471067000",
            "netIncome": "125785000"
        },
        {
            "fiscalDateEnding": "2018-12-31",
            "reportedCurrency": "USD",
            "grossProfit": "923263000",
            "totalRevenue": "923263000",
            "costOfRevenue": "328820000",
            "costofGoodsAndServicesSold": "338000",
            "operatingIncome": "923263000",
            "sellingGeneralAndAdministrative": "38475000",
            "researchAndDevelopment": "None",
            "operatingExpenses": "341450000",
            "investmentIncomeNet": "18512000",
            "netInterestIncome": "-110524000",
            "interestIncome": "None",
            "interestExpense": "110524000",
            "nonInterestIncome": "376865000",
            "otherNonOperatingIncome": "-58877000",
            "depreciation": "None",
            "depreciationAndAmortization": "244276000",
            "incomeBeforeTax": "33620000",
            "incomeTaxExpense": "-28653000",
            "interestAndDebtExpense": "118367000",
            "netIncomeFromContinuingOperations": "99195000",
            "comprehensiveIncomeNetOfTax": "50638000",
            "ebit": "144144000",
            "ebitda": "388420000",
            "netIncome": "62273000"
        },
        {
            "fiscalDateEnding": "2018-09-30",
            "reportedCurrency": "USD",
            "grossProfit": "673824000",
            "totalRevenue": "936538000",
            "costOfRevenue": "262714000",
            "costofGoodsAndServicesSold": "431000",
            "operatingIncome": "409866000",
            "sellingGeneralAndAdministrative": "39677000",
            "researchAndDevelopment": "None",
            "operatingExpenses": "263958000",
            "investmentIncomeNet": "18108000",
            "netInterestIncome": "-107581000",
            "interestIncome": "None",
            "interestExpense": "107581000",
            "nonInterestIncome": "344501000",
            "otherNonOperatingIncome": "-1244000",
            "depreciation": "None",
            "depreciationAndAmortization": "218579000",
            "incomeBeforeTax": "94645000",
            "incomeTaxExpense": "-7327000",
            "interestAndDebtExpense": "147108000",
            "netIncomeFromContinuingOperations": "103263000",
            "comprehensiveIncomeNetOfTax": "104886000",
            "ebit": "202226000",
            "ebitda": "420805000",
            "netIncome": "101972000"
        },
        {
            "fiscalDateEnding": "2018-06-30",
            "reportedCurrency": "USD",
            "grossProfit": "255573000",
            "totalRevenue": "942304000",
            "costOfRevenue": "686731000",
            "costofGoodsAndServicesSold": "421947000",
            "operatingIncome": "-12738000",
            "sellingGeneralAndAdministrative": "36656000",
            "researchAndDevelopment": "None",
            "operatingExpenses": "268311000",
            "investmentIncomeNet": "56417000",
            "netInterestIncome": "-113029000",
            "interestIncome": "None",
            "interestExpense": "113029000",
            "nonInterestIncome": "360355000",
            "otherNonOperatingIncome": "93000",
            "depreciation": "None",
            "depreciationAndAmortization": "223634000",
            "incomeBeforeTax": "165785000",
            "incomeTaxExpense": "-734000",
            "interestAndDebtExpense": "112936000",
            "netIncomeFromContinuingOperations": "133473000",
            "comprehensiveIncomeNetOfTax": "170132000",
            "ebit": "278814000",
            "ebitda": "502448000",
            "netIncome": "166519000"
        },
        {
            "fiscalDateEnding": "2018-03-31",
            "reportedCurrency": "USD",
            "grossProfit": "200317000",
            "totalRevenue": "943705000",
            "costOfRevenue": "743388000",
            "costofGoodsAndServicesSold": "413028000",
            "operatingIncome": "-133163000",
            "sellingGeneralAndAdministrative": "37174000",
            "researchAndDevelopment": "None",
            "operatingExpenses": "333480000",
            "investmentIncomeNet": "31181000",
            "netInterestIncome": "-111363000",
            "interestIncome": "None",
            "interestExpense": "111363000",
            "nonInterestIncome": "373832000",
            "otherNonOperatingIncome": "-10977000",
            "depreciation": "None",
            "depreciationAndAmortization": "233150000",
            "incomeBeforeTax": "75461000",
            "incomeTaxExpense": "-3242000",
            "interestAndDebtExpense": "122340000",
            "netIncomeFromContinuingOperations": "80060000",
            "comprehensiveIncomeNetOfTax": "99349000",
            "ebit": "186824000",
            "ebitda": "419974000",
            "netIncome": "78703000"
        }
    ]
}