{
    "symbol": "YUM",
    "annualReports": [
        {
            "fiscalDateEnding": "2022-12-31",
            "reportedCurrency": "USD",
            "grossProfit": "3678000000",
            "totalRevenue": "6842000000",
            "costOfRevenue": "3164000000",
            "costofGoodsAndServicesSold": "1745000000",
            "operatingIncome": "2187000000",
            "sellingGeneralAndAdministrative": "1341000000",
            "researchAndDevelopment": "None",
            "operatingExpenses": "1392000000",
            "investmentIncomeNet": "11000000",
            "netInterestIncome": "-527000000",
            "interestIncome": "34000000",
            "interestExpense": "561000000",
            "nonInterestIncome": "None",
            "otherNonOperatingIncome": "None",
            "depreciation": "None",
            "depreciationAndAmortization": "75000000",
            "incomeBeforeTax": "1662000000",
            "incomeTaxExpense": "337000000",
            "interestAndDebtExpense": "561000000",
            "netIncomeFromContinuingOperations": "1325000000",
            "comprehensiveIncomeNetOfTax": "1281000000",
            "ebit": "2187000000",
            "ebitda": "2298000000",
            "netIncome": "1325000000"
        },
        {
            "fiscalDateEnding": "2021-12-31",
            "reportedCurrency": "USD",
            "grossProfit": "3502000000",
            "totalRevenue": "6584000000",
            "costOfRevenue": "3082000000",
            "costofGoodsAndServicesSold": "1725000000",
            "operatingIncome": "2139000000",
            "sellingGeneralAndAdministrative": "1261000000",
            "researchAndDevelopment": "None",
            "operatingExpenses": "1322000000",
            "investmentIncomeNet": "86000000",
            "netInterestIncome": "-544000000",
            "interestIncome": "11000000",
            "interestExpense": "555000000",
            "nonInterestIncome": "None",
            "otherNonOperatingIncome": "86000000",
            "depreciation": "None",
            "depreciationAndAmortization": "81000000",
            "incomeBeforeTax": "1674000000",
            "incomeTaxExpense": "99000000",
            "interestAndDebtExpense": "555000000",
            "netIncomeFromContinuingOperations": "1575000000",
            "comprehensiveIncomeNetOfTax": "1661000000",
            "ebit": "2139000000",
            "ebitda": "2310000000",
            "netIncome": "1575000000"
        },
        {
            "fiscalDateEnding": "2020-12-31",
            "reportedCurrency": "USD",
            "grossProfit": "2615000000",
            "totalRevenue": "5652000000",
            "costOfRevenue": "3037000000",
            "costofGoodsAndServicesSold": "1506000000",
            "operatingIncome": "1503000000",
            "sellingGeneralAndAdministrative": "1277000000",
            "researchAndDevelopment": "None",
            "operatingExpenses": "4149000000",
            "investmentIncomeNet": "74000000",
            "netInterestIncome": "-543000000",
            "interestIncome": "18000000",
            "interestExpense": "561000000",
            "nonInterestIncome": "None",
            "otherNonOperatingIncome": "74000000",
            "depreciation": "None",
            "depreciationAndAmortization": "68000000",
            "incomeBeforeTax": "1020000000",
            "incomeTaxExpense": "116000000",
            "interestAndDebtExpense": "561000000",
            "netIncomeFromContinuingOperations": "904000000",
            "comprehensiveIncomeNetOfTax": "881000000",
            "ebit": "1503000000",
            "ebitda": "1649000000",
            "netIncome": "904000000"
        },
        {
            "fiscalDateEnding": "2019-12-31",
            "reportedCurrency": "USD",
            "grossProfit": "3123000000",
            "totalRevenue": "5597000000",
            "costOfRevenue": "2474000000",
            "costofGoodsAndServicesSold": "1235000000",
            "operatingIncome": "1930000000",
            "sellingGeneralAndAdministrative": "1170000000",
            "researchAndDevelopment": "None",
            "operatingExpenses": "3667000000",
            "investmentIncomeNet": "-67000000",
            "netInterestIncome": "-486000000",
            "interestIncome": "36000000",
            "interestExpense": "522000000",
            "nonInterestIncome": "None",
            "otherNonOperatingIncome": "-67000000",
            "depreciation": "None",
            "depreciationAndAmortization": "55000000",
            "incomeBeforeTax": "1373000000",
            "incomeTaxExpense": "79000000",
            "interestAndDebtExpense": "522000000",
            "netIncomeFromContinuingOperations": "1294000000",
            "comprehensiveIncomeNetOfTax": "1240000000",
            "ebit": "1930000000",
            "ebitda": "1950000000",
            "netIncome": "1294000000"
        },
        {
            "fiscalDateEnding": "2018-12-31",
            "reportedCurrency": "USD",
            "grossProfit": "2971000000",
            "totalRevenue": "5688000000",
            "costOfRevenue": "2717000000",
            "costofGoodsAndServicesSold": "1634000000",
            "operatingIncome": "2296000000",
            "sellingGeneralAndAdministrative": "1083000000",
            "researchAndDevelopment": "None",
            "operatingExpenses": "3392000000",
            "investmentIncomeNet": "9000000",
            "netInterestIncome": "-452000000",
            "interestIncome": "44000000",
            "interestExpense": "496000000",
            "nonInterestIncome": "131000000",
            "otherNonOperatingIncome": "540000000",
            "depreciation": "None",
            "depreciationAndAmortization": "37000000",
            "incomeBeforeTax": "1839000000",
            "incomeTaxExpense": "297000000",
            "interestAndDebtExpense": "496000000",
            "netIncomeFromContinuingOperations": "1542000000",
            "comprehensiveIncomeNetOfTax": "1477000000",
            "ebit": "2296000000",
            "ebitda": "2372000000",
            "netIncome": "1542000000"
        }
    ],
    "quarterlyReports": [
        {
            "fiscalDateEnding": "2022-12-31",
            "reportedCurrency": "USD",
            "grossProfit": "931000000",
            "totalRevenue": "2019000000",
            "costOfRevenue": "1088000000",
            "costofGoodsAndServicesSold": "526000000",
            "operatingIncome": "578000000",
            "sellingGeneralAndAdministrative": "484000000",
            "researchAndDevelopment": "None",
            "operatingExpenses": "550000000",
            "investmentIncomeNet": "-8000000",
            "netInterestIncome": "-137000000",
            "interestIncome": "145000000",
            "interestExpense": "137000000",
            "nonInterestIncome": "None",
            "otherNonOperatingIncome": "None",
            "depreciation": "None",
            "depreciationAndAmortization": "28000000",
            "incomeBeforeTax": "446000000",
            "incomeTaxExpense": "75000000",
            "interestAndDebtExpense": "None",
            "netIncomeFromContinuingOperations": "-75000000",
            "comprehensiveIncomeNetOfTax": "300000000",
            "ebit": "578000000",
            "ebitda": "606000000",
            "netIncome": "371000000"
        },
        {
            "fiscalDateEnding": "2022-09-30",
            "reportedCurrency": "USD",
            "grossProfit": "949000000",
            "totalRevenue": "1640000000",
            "costOfRevenue": "691000000",
            "costofGoodsAndServicesSold": "402000000",
            "operatingIncome": "546000000",
            "sellingGeneralAndAdministrative": "289000000",
            "researchAndDevelopment": "None",
            "operatingExpenses": "286000000",
            "investmentIncomeNet": "27000000",
            "netInterestIncome": "-124000000",
            "interestIncome": "97000000",
            "interestExpense": "124000000",
            "nonInterestIncome": "4000000",
            "otherNonOperatingIncome": "27000000",
            "depreciation": "None",
            "depreciationAndAmortization": "58000000",
            "incomeBeforeTax": "447000000",
            "incomeTaxExpense": "116000000",
            "interestAndDebtExpense": "None",
            "netIncomeFromContinuingOperations": "331000000",
            "comprehensiveIncomeNetOfTax": "327000000",
            "ebit": "546000000",
            "ebitda": "604000000",
            "netIncome": "331000000"
        },
        {
            "fiscalDateEnding": "2022-06-30",
            "reportedCurrency": "USD",
            "grossProfit": "938000000",
            "totalRevenue": "1636000000",
            "costOfRevenue": "698000000",
            "costofGoodsAndServicesSold": "415000000",
            "operatingIncome": "554000000",
            "sellingGeneralAndAdministrative": "283000000",
            "researchAndDevelopment": "None",
            "operatingExpenses": "275000000",
            "investmentIncomeNet": "-15000000",
            "netInterestIncome": "-148000000",
            "interestIncome": "163000000",
            "interestExpense": "148000000",
            "nonInterestIncome": "-8000000",
            "otherNonOperatingIncome": "-15000000",
            "depreciation": "None",
            "depreciationAndAmortization": "18000000",
            "incomeBeforeTax": "390000000",
            "incomeTaxExpense": "166000000",
            "interestAndDebtExpense": "None",
            "netIncomeFromContinuingOperations": "224000000",
            "comprehensiveIncomeNetOfTax": "222000000",
            "ebit": "554000000",
            "ebitda": "572000000",
            "netIncome": "224000000"
        },
        {
            "fiscalDateEnding": "2022-03-31",
            "reportedCurrency": "USD",
            "grossProfit": "860000000",
            "totalRevenue": "1547000000",
            "costOfRevenue": "687000000",
            "costofGoodsAndServicesSold": "402000000",
            "operatingIncome": "509000000",
            "sellingGeneralAndAdministrative": "285000000",
            "researchAndDevelopment": "None",
            "operatingExpenses": "281000000",
            "investmentIncomeNet": "7000000",
            "netInterestIncome": "-118000000",
            "interestIncome": "111000000",
            "interestExpense": "118000000",
            "nonInterestIncome": "-4000000",
            "otherNonOperatingIncome": "7000000",
            "depreciation": "None",
            "depreciationAndAmortization": "44000000",
            "incomeBeforeTax": "398000000",
            "incomeTaxExpense": "-1000000",
            "interestAndDebtExpense": "None",
            "netIncomeFromContinuingOperations": "399000000",
            "comprehensiveIncomeNetOfTax": "432000000",
            "ebit": "509000000",
            "ebitda": "553000000",
            "netIncome": "399000000"
        },
        {
            "fiscalDateEnding": "2021-12-31",
            "reportedCurrency": "USD",
            "grossProfit": "808000000",
            "totalRevenue": "1890000000",
            "costOfRevenue": "1082000000",
            "costofGoodsAndServicesSold": "495000000",
            "operatingIncome": "502000000",
            "sellingGeneralAndAdministrative": "491000000",
            "researchAndDevelopment": "None",
            "operatingExpenses": "573000000",
            "investmentIncomeNet": "34000000",
            "netInterestIncome": "-128000000",
            "interestIncome": "423000000",
            "interestExpense": "551000000",
            "nonInterestIncome": "None",
            "otherNonOperatingIncome": "34000000",
            "depreciation": "None",
            "depreciationAndAmortization": "47000000",
            "incomeBeforeTax": "407000000",
            "incomeTaxExpense": "77000000",
            "interestAndDebtExpense": "543000000",
            "netIncomeFromContinuingOperations": "330000000",
            "comprehensiveIncomeNetOfTax": "336000000",
            "ebit": "502000000",
            "ebitda": "582000000",
            "netIncome": "330000000"
        },
        {
            "fiscalDateEnding": "2021-09-30",
            "reportedCurrency": "USD",
            "grossProfit": "901000000",
            "totalRevenue": "1606000000",
            "costOfRevenue": "705000000",
            "costofGoodsAndServicesSold": "421000000",
            "operatingIncome": "527000000",
            "sellingGeneralAndAdministrative": "284000000",
            "researchAndDevelopment": "None",
            "operatingExpenses": "285000000",
            "investmentIncomeNet": "51000000",
            "netInterestIncome": "-126000000",
            "interestIncome": "-138000000",
            "interestExpense": "-12000000",
            "nonInterestIncome": "2000000",
            "otherNonOperatingIncome": "51000000",
            "depreciation": "None",
            "depreciationAndAmortization": "39000000",
            "incomeBeforeTax": "451000000",
            "incomeTaxExpense": "-77000000",
            "interestAndDebtExpense": "-12000000",
            "netIncomeFromContinuingOperations": "528000000",
            "comprehensiveIncomeNetOfTax": "521000000",
            "ebit": "527000000",
            "ebitda": "616000000",
            "netIncome": "528000000"
        },
        {
            "fiscalDateEnding": "2021-06-30",
            "reportedCurrency": "USD",
            "grossProfit": "928000000",
            "totalRevenue": "1602000000",
            "costOfRevenue": "674000000",
            "costofGoodsAndServicesSold": "417000000",
            "operatingIncome": "567000000",
            "sellingGeneralAndAdministrative": "257000000",
            "researchAndDevelopment": "None",
            "operatingExpenses": "250000000",
            "investmentIncomeNet": "1000000",
            "netInterestIncome": "-159000000",
            "interestIncome": "-155000000",
            "interestExpense": "4000000",
            "nonInterestIncome": "1000000",
            "otherNonOperatingIncome": "1000000",
            "depreciation": "None",
            "depreciationAndAmortization": "39000000",
            "incomeBeforeTax": "407000000",
            "incomeTaxExpense": "16000000",
            "interestAndDebtExpense": "12000000",
            "netIncomeFromContinuingOperations": "391000000",
            "comprehensiveIncomeNetOfTax": "413000000",
            "ebit": "567000000",
            "ebitda": "605000000",
            "netIncome": "391000000"
        },
        {
            "fiscalDateEnding": "2021-03-31",
            "reportedCurrency": "USD",
            "grossProfit": "865000000",
            "totalRevenue": "1486000000",
            "costOfRevenue": "621000000",
            "costofGoodsAndServicesSold": "392000000",
            "operatingIncome": "543000000",
            "sellingGeneralAndAdministrative": "229000000",
            "researchAndDevelopment": "None",
            "operatingExpenses": "214000000",
            "investmentIncomeNet": "0",
            "netInterestIncome": "-131000000",
            "interestIncome": "-119000000",
            "interestExpense": "12000000",
            "nonInterestIncome": "-8000000",
            "otherNonOperatingIncome": "None",
            "depreciation": "None",
            "depreciationAndAmortization": "39000000",
            "incomeBeforeTax": "409000000",
            "incomeTaxExpense": "83000000",
            "interestAndDebtExpense": "12000000",
            "netIncomeFromContinuingOperations": "326000000",
            "comprehensiveIncomeNetOfTax": "391000000",
            "ebit": "543000000",
            "ebitda": "579000000",
            "netIncome": "326000000"
        },
        {
            "fiscalDateEnding": "2020-12-31",
            "reportedCurrency": "USD",
            "grossProfit": "1743000000",
            "totalRevenue": "1743000000",
            "costOfRevenue": "995000000",
            "costofGoodsAndServicesSold": "460000000",
            "operatingIncome": "482000000",
            "sellingGeneralAndAdministrative": "446000000",
            "researchAndDevelopment": "None",
            "operatingExpenses": "3183000000",
            "investmentIncomeNet": "7000000",
            "netInterestIncome": "-132000000",
            "interestIncome": "125000000",
            "interestExpense": "132000000",
            "nonInterestIncome": "None",
            "otherNonOperatingIncome": "17000000",
            "depreciation": "None",
            "depreciationAndAmortization": "46000000",
            "incomeBeforeTax": "352000000",
            "incomeTaxExpense": "20000000",
            "interestAndDebtExpense": "None",
            "netIncomeFromContinuingOperations": "482000000",
            "comprehensiveIncomeNetOfTax": "373000000",
            "ebit": "482000000",
            "ebitda": "530000000",
            "netIncome": "332000000"
        },
        {
            "fiscalDateEnding": "2020-09-30",
            "reportedCurrency": "USD",
            "grossProfit": "779000000",
            "totalRevenue": "1448000000",
            "costOfRevenue": "669000000",
            "costofGoodsAndServicesSold": "399000000",
            "operatingIncome": "471000000",
            "sellingGeneralAndAdministrative": "270000000",
            "researchAndDevelopment": "None",
            "operatingExpenses": "311000000",
            "investmentIncomeNet": "10000000",
            "netInterestIncome": "-161000000",
            "interestIncome": "151000000",
            "interestExpense": "161000000",
            "nonInterestIncome": "None",
            "otherNonOperatingIncome": "None",
            "depreciation": "None",
            "depreciationAndAmortization": "47000000",
            "incomeBeforeTax": "316000000",
            "incomeTaxExpense": "33000000",
            "interestAndDebtExpense": "None",
            "netIncomeFromContinuingOperations": "283000000",
            "comprehensiveIncomeNetOfTax": "319000000",
            "ebit": "471000000",
            "ebitda": "524000000",
            "netIncome": "283000000"
        },
        {
            "fiscalDateEnding": "2020-06-30",
            "reportedCurrency": "USD",
            "grossProfit": "545000000",
            "totalRevenue": "1198000000",
            "costOfRevenue": "653000000",
            "costofGoodsAndServicesSold": "349000000",
            "operatingIncome": "300000000",
            "sellingGeneralAndAdministrative": "295000000",
            "researchAndDevelopment": "None",
            "operatingExpenses": "346000000",
            "investmentIncomeNet": "91000000",
            "netInterestIncome": "-132000000",
            "interestIncome": "41000000",
            "interestExpense": "132000000",
            "nonInterestIncome": "None",
            "otherNonOperatingIncome": "91000000",
            "depreciation": "None",
            "depreciationAndAmortization": "26000000",
            "incomeBeforeTax": "257000000",
            "incomeTaxExpense": "51000000",
            "interestAndDebtExpense": "None",
            "netIncomeFromContinuingOperations": "206000000",
            "comprehensiveIncomeNetOfTax": "267000000",
            "ebit": "300000000",
            "ebitda": "415000000",
            "netIncome": "206000000"
        },
        {
            "fiscalDateEnding": "2020-03-31",
            "reportedCurrency": "USD",
            "grossProfit": "553000000",
            "totalRevenue": "1263000000",
            "costOfRevenue": "710000000",
            "costofGoodsAndServicesSold": "298000000",
            "operatingIncome": "250000000",
            "sellingGeneralAndAdministrative": "266000000",
            "researchAndDevelopment": "None",
            "operatingExpenses": "399000000",
            "investmentIncomeNet": "-34000000",
            "netInterestIncome": "-118000000",
            "interestIncome": "152000000",
            "interestExpense": "118000000",
            "nonInterestIncome": "None",
            "otherNonOperatingIncome": "-34000000",
            "depreciation": "None",
            "depreciationAndAmortization": "27000000",
            "incomeBeforeTax": "95000000",
            "incomeTaxExpense": "12000000",
            "interestAndDebtExpense": "None",
            "netIncomeFromContinuingOperations": "83000000",
            "comprehensiveIncomeNetOfTax": "-78000000",
            "ebit": "250000000",
            "ebitda": "240000000",
            "netIncome": "83000000"
        },
        {
            "fiscalDateEnding": "2019-12-31",
            "reportedCurrency": "USD",
            "grossProfit": "1694000000",
            "totalRevenue": "1694000000",
            "costOfRevenue": "881000000",
            "costofGoodsAndServicesSold": "385000000",
            "operatingIncome": "546000000",
            "sellingGeneralAndAdministrative": "429000000",
            "researchAndDevelopment": "None",
            "operatingExpenses": "2942000000",
            "investmentIncomeNet": "-17000000",
            "netInterestIncome": "-132000000",
            "interestIncome": "388000000",
            "interestExpense": "520000000",
            "nonInterestIncome": "None",
            "otherNonOperatingIncome": "-17000000",
            "depreciation": "None",
            "depreciationAndAmortization": "53000000",
            "incomeBeforeTax": "397000000",
            "incomeTaxExpense": "-91000000",
            "interestAndDebtExpense": "520000000",
            "netIncomeFromContinuingOperations": "488000000",
            "comprehensiveIncomeNetOfTax": "528000000",
            "ebit": "546000000",
            "ebitda": "970000000",
            "netIncome": "488000000"
        },
        {
            "fiscalDateEnding": "2019-09-30",
            "reportedCurrency": "USD",
            "grossProfit": "796000000",
            "totalRevenue": "1339000000",
            "costOfRevenue": "543000000",
            "costofGoodsAndServicesSold": "292000000",
            "operatingIncome": "480000000",
            "sellingGeneralAndAdministrative": "251000000",
            "researchAndDevelopment": "None",
            "operatingExpenses": "243000000",
            "investmentIncomeNet": "-59000000",
            "netInterestIncome": "-120000000",
            "interestIncome": "-119000000",
            "interestExpense": "1000000",
            "nonInterestIncome": "None",
            "otherNonOperatingIncome": "-59000000",
            "depreciation": "None",
            "depreciationAndAmortization": "0",
            "incomeBeforeTax": "300000000",
            "incomeTaxExpense": "45000000",
            "interestAndDebtExpense": "1000000",
            "netIncomeFromContinuingOperations": "255000000",
            "comprehensiveIncomeNetOfTax": "207000000",
            "ebit": "480000000",
            "ebitda": "301000000",
            "netIncome": "255000000"
        },
        {
            "fiscalDateEnding": "2019-06-30",
            "reportedCurrency": "USD",
            "grossProfit": "787000000",
            "totalRevenue": "1310000000",
            "costOfRevenue": "523000000",
            "costofGoodsAndServicesSold": "286000000",
            "operatingIncome": "471000000",
            "sellingGeneralAndAdministrative": "236000000",
            "researchAndDevelopment": "None",
            "operatingExpenses": "233000000",
            "investmentIncomeNet": "25000000",
            "netInterestIncome": "-119000000",
            "interestIncome": "-119000000",
            "interestExpense": "0",
            "nonInterestIncome": "None",
            "otherNonOperatingIncome": "25000000",
            "depreciation": "None",
            "depreciationAndAmortization": "1000000",
            "incomeBeforeTax": "377000000",
            "incomeTaxExpense": "88000000",
            "interestAndDebtExpense": "None",
            "netIncomeFromContinuingOperations": "289000000",
            "comprehensiveIncomeNetOfTax": "233000000",
            "ebit": "471000000",
            "ebitda": "378000000",
            "netIncome": "289000000"
        },
        {
            "fiscalDateEnding": "2019-03-31",
            "reportedCurrency": "USD",
            "grossProfit": "728000000",
            "totalRevenue": "1254000000",
            "costOfRevenue": "526000000",
            "costofGoodsAndServicesSold": "272000000",
            "operatingIncome": "433000000",
            "sellingGeneralAndAdministrative": "254000000",
            "researchAndDevelopment": "None",
            "operatingExpenses": "248000000",
            "investmentIncomeNet": "-16000000",
            "netInterestIncome": "-115000000",
            "interestIncome": "-114000000",
            "interestExpense": "1000000",
            "nonInterestIncome": "None",
            "otherNonOperatingIncome": "-16000000",
            "depreciation": "None",
            "depreciationAndAmortization": "1000000",
            "incomeBeforeTax": "299000000",
            "incomeTaxExpense": "37000000",
            "interestAndDebtExpense": "None",
            "netIncomeFromContinuingOperations": "262000000",
            "comprehensiveIncomeNetOfTax": "272000000",
            "ebit": "433000000",
            "ebitda": "301000000",
            "netIncome": "262000000"
        },
        {
            "fiscalDateEnding": "2018-12-31",
            "reportedCurrency": "USD",
            "grossProfit": "1558000000",
            "totalRevenue": "1558000000",
            "costOfRevenue": "701000000",
            "costofGoodsAndServicesSold": "376000000",
            "operatingIncome": "741000000",
            "sellingGeneralAndAdministrative": "325000000",
            "researchAndDevelopment": "None",
            "operatingExpenses": "2919000000",
            "investmentIncomeNet": "-176000000",
            "netInterestIncome": "-122000000",
            "interestIncome": "None",
            "interestExpense": "122000000",
            "nonInterestIncome": "None",
            "otherNonOperatingIncome": "355000000",
            "depreciation": "None",
            "depreciationAndAmortization": "34000000",
            "incomeBeforeTax": "439000000",
            "incomeTaxExpense": "105000000",
            "interestAndDebtExpense": "None",
            "netIncomeFromContinuingOperations": "255000000",
            "comprehensiveIncomeNetOfTax": "317000000",
            "ebit": "741000000",
            "ebitda": "595000000",
            "netIncome": "334000000"
        },
        {
            "fiscalDateEnding": "2018-09-30",
            "reportedCurrency": "USD",
            "grossProfit": "748000000",
            "totalRevenue": "1391000000",
            "costOfRevenue": "643000000",
            "costofGoodsAndServicesSold": "399000000",
            "operatingIncome": "553000000",
            "sellingGeneralAndAdministrative": "244000000",
            "researchAndDevelopment": "None",
            "operatingExpenses": "144000000",
            "investmentIncomeNet": "96000000",
            "netInterestIncome": "-111000000",
            "interestIncome": "None",
            "interestExpense": "111000000",
            "nonInterestIncome": "None",
            "otherNonOperatingIncome": "96000000",
            "depreciation": "None",
            "depreciationAndAmortization": "32000000",
            "incomeBeforeTax": "534000000",
            "incomeTaxExpense": "80000000",
            "interestAndDebtExpense": "None",
            "netIncomeFromContinuingOperations": "454000000",
            "comprehensiveIncomeNetOfTax": "419000000",
            "ebit": "553000000",
            "ebitda": "677000000",
            "netIncome": "454000000"
        },
        {
            "fiscalDateEnding": "2018-06-30",
            "reportedCurrency": "USD",
            "grossProfit": "699000000",
            "totalRevenue": "1368000000",
            "costOfRevenue": "669000000",
            "costofGoodsAndServicesSold": "421000000",
            "operatingIncome": "449000000",
            "sellingGeneralAndAdministrative": "248000000",
            "researchAndDevelopment": "None",
            "operatingExpenses": "219000000",
            "investmentIncomeNet": "23000000",
            "netInterestIncome": "-112000000",
            "interestIncome": "None",
            "interestExpense": "112000000",
            "nonInterestIncome": "None",
            "otherNonOperatingIncome": "23000000",
            "depreciation": "None",
            "depreciationAndAmortization": "34000000",
            "incomeBeforeTax": "357000000",
            "incomeTaxExpense": "36000000",
            "interestAndDebtExpense": "None",
            "netIncomeFromContinuingOperations": "321000000",
            "comprehensiveIncomeNetOfTax": "254000000",
            "ebit": "449000000",
            "ebitda": "503000000",
            "netIncome": "321000000"
        },
        {
            "fiscalDateEnding": "2018-03-31",
            "reportedCurrency": "USD",
            "grossProfit": "667000000",
            "totalRevenue": "1371000000",
            "costOfRevenue": "704000000",
            "costofGoodsAndServicesSold": "438000000",
            "operatingIncome": "553000000",
            "sellingGeneralAndAdministrative": "219000000",
            "researchAndDevelopment": "None",
            "operatingExpenses": "63000000",
            "investmentIncomeNet": "66000000",
            "netInterestIncome": "-107000000",
            "interestIncome": "None",
            "interestExpense": "107000000",
            "nonInterestIncome": "None",
            "otherNonOperatingIncome": "66000000",
            "depreciation": "None",
            "depreciationAndAmortization": "37000000",
            "incomeBeforeTax": "509000000",
            "incomeTaxExpense": "76000000",
            "interestAndDebtExpense": "None",
            "netIncomeFromContinuingOperations": "433000000",
            "comprehensiveIncomeNetOfTax": "487000000",
            "ebit": "553000000",
            "ebitda": "653000000",
            "netIncome": "433000000"
        }
    ]
}